%YAML 1.1
%TAG !u! tag:unity3d.com,2011:
--- !u!1 &2908701479395234838
GameObject:
  m_ObjectHideFlags: 0
  m_CorrespondingSourceObject: {fileID: 0}
  m_PrefabInstance: {fileID: 0}
  m_PrefabAsset: {fileID: 0}
  serializedVersion: 6
  m_Component:
  - component: {fileID: 2908701479395234837}
  m_Layer: 0
  m_Name: Level Tutorial 3
  m_TagString: Untagged
  m_Icon: {fileID: 0}
  m_NavMeshLayer: 0
  m_StaticEditorFlags: 0
  m_IsActive: 1
--- !u!4 &2908701479395234837
Transform:
  m_ObjectHideFlags: 0
  m_CorrespondingSourceObject: {fileID: 0}
  m_PrefabInstance: {fileID: 0}
  m_PrefabAsset: {fileID: 0}
  m_GameObject: {fileID: 2908701479395234838}
  m_LocalRotation: {x: 0, y: 0, z: 0, w: 1}
  m_LocalPosition: {x: 0, y: 0, z: 0}
  m_LocalScale: {x: 1, y: 1, z: 1}
  m_Children:
  - {fileID: 3303264115461179165}
  - {fileID: 3073841239287731574}
  - {fileID: 5005687896470583026}
  - {fileID: 6126022709823770669}
  - {fileID: 6126022711233180392}
  - {fileID: 8120283894826138435}
  - {fileID: 5005687895604972937}
  - {fileID: 2965350888732595364}
  - {fileID: 2965350890443537320}
  - {fileID: 2965350889396722628}
  - {fileID: 8120283894100014534}
  - {fileID: 3303264115283640618}
  - {fileID: 790338374217170671}
  - {fileID: 1300221106686677923}
  m_Father: {fileID: 0}
  m_RootOrder: 0
  m_LocalEulerAnglesHint: {x: 0, y: 0, z: 0}
--- !u!1001 &436893081678256346
PrefabInstance:
  m_ObjectHideFlags: 0
  serializedVersion: 2
  m_Modification:
    m_TransformParent: {fileID: 2908701479395234837}
    m_Modifications:
    - target: {fileID: 929992641055090229, guid: 203d77f8f3728cc4bbad9da590b91673,
        type: 3}
      propertyPath: m_RootOrder
      value: 12
      objectReference: {fileID: 0}
    - target: {fileID: 929992641055090229, guid: 203d77f8f3728cc4bbad9da590b91673,
        type: 3}
      propertyPath: m_LocalPosition.x
      value: 7.34
      objectReference: {fileID: 0}
    - target: {fileID: 929992641055090229, guid: 203d77f8f3728cc4bbad9da590b91673,
        type: 3}
      propertyPath: m_LocalPosition.y
      value: 0.6800002
      objectReference: {fileID: 0}
    - target: {fileID: 929992641055090229, guid: 203d77f8f3728cc4bbad9da590b91673,
        type: 3}
      propertyPath: m_LocalPosition.z
      value: -0.01
      objectReference: {fileID: 0}
    - target: {fileID: 929992641055090229, guid: 203d77f8f3728cc4bbad9da590b91673,
        type: 3}
      propertyPath: m_LocalRotation.w
      value: 1
      objectReference: {fileID: 0}
    - target: {fileID: 929992641055090229, guid: 203d77f8f3728cc4bbad9da590b91673,
        type: 3}
      propertyPath: m_LocalRotation.x
      value: 0
      objectReference: {fileID: 0}
    - target: {fileID: 929992641055090229, guid: 203d77f8f3728cc4bbad9da590b91673,
        type: 3}
      propertyPath: m_LocalRotation.y
      value: 0
      objectReference: {fileID: 0}
    - target: {fileID: 929992641055090229, guid: 203d77f8f3728cc4bbad9da590b91673,
        type: 3}
      propertyPath: m_LocalRotation.z
      value: 0
      objectReference: {fileID: 0}
    - target: {fileID: 929992641055090229, guid: 203d77f8f3728cc4bbad9da590b91673,
        type: 3}
      propertyPath: m_LocalEulerAnglesHint.x
      value: 0
      objectReference: {fileID: 0}
    - target: {fileID: 929992641055090229, guid: 203d77f8f3728cc4bbad9da590b91673,
        type: 3}
      propertyPath: m_LocalEulerAnglesHint.y
      value: 0
      objectReference: {fileID: 0}
    - target: {fileID: 929992641055090229, guid: 203d77f8f3728cc4bbad9da590b91673,
        type: 3}
      propertyPath: m_LocalEulerAnglesHint.z
      value: 0
      objectReference: {fileID: 0}
    - target: {fileID: 929992641055090232, guid: 203d77f8f3728cc4bbad9da590b91673,
        type: 3}
      propertyPath: m_Name
      value: Gold Medium (1)
      objectReference: {fileID: 0}
    m_RemovedComponents: []
  m_SourcePrefab: {fileID: 100100000, guid: 203d77f8f3728cc4bbad9da590b91673, type: 3}
--- !u!4 &790338374217170671 stripped
Transform:
  m_CorrespondingSourceObject: {fileID: 929992641055090229, guid: 203d77f8f3728cc4bbad9da590b91673,
    type: 3}
  m_PrefabInstance: {fileID: 436893081678256346}
  m_PrefabAsset: {fileID: 0}
--- !u!1001 &2228348691429111190
PrefabInstance:
  m_ObjectHideFlags: 0
  serializedVersion: 2
  m_Modification:
    m_TransformParent: {fileID: 2908701479395234837}
    m_Modifications:
    - target: {fileID: 929992641055090229, guid: 203d77f8f3728cc4bbad9da590b91673,
        type: 3}
      propertyPath: m_RootOrder
      value: 13
      objectReference: {fileID: 0}
    - target: {fileID: 929992641055090229, guid: 203d77f8f3728cc4bbad9da590b91673,
        type: 3}
      propertyPath: m_LocalPosition.x
      value: 0.8399999
      objectReference: {fileID: 0}
    - target: {fileID: 929992641055090229, guid: 203d77f8f3728cc4bbad9da590b91673,
        type: 3}
      propertyPath: m_LocalPosition.y
      value: 1.6100001
      objectReference: {fileID: 0}
    - target: {fileID: 929992641055090229, guid: 203d77f8f3728cc4bbad9da590b91673,
        type: 3}
      propertyPath: m_LocalPosition.z
      value: -0.01
      objectReference: {fileID: 0}
    - target: {fileID: 929992641055090229, guid: 203d77f8f3728cc4bbad9da590b91673,
        type: 3}
      propertyPath: m_LocalRotation.w
      value: 1
      objectReference: {fileID: 0}
    - target: {fileID: 929992641055090229, guid: 203d77f8f3728cc4bbad9da590b91673,
        type: 3}
      propertyPath: m_LocalRotation.x
      value: 0
      objectReference: {fileID: 0}
    - target: {fileID: 929992641055090229, guid: 203d77f8f3728cc4bbad9da590b91673,
        type: 3}
      propertyPath: m_LocalRotation.y
      value: 0
      objectReference: {fileID: 0}
    - target: {fileID: 929992641055090229, guid: 203d77f8f3728cc4bbad9da590b91673,
        type: 3}
      propertyPath: m_LocalRotation.z
      value: 0
      objectReference: {fileID: 0}
    - target: {fileID: 929992641055090229, guid: 203d77f8f3728cc4bbad9da590b91673,
        type: 3}
      propertyPath: m_LocalEulerAnglesHint.x
      value: 0
      objectReference: {fileID: 0}
    - target: {fileID: 929992641055090229, guid: 203d77f8f3728cc4bbad9da590b91673,
        type: 3}
      propertyPath: m_LocalEulerAnglesHint.y
      value: 0
      objectReference: {fileID: 0}
    - target: {fileID: 929992641055090229, guid: 203d77f8f3728cc4bbad9da590b91673,
        type: 3}
      propertyPath: m_LocalEulerAnglesHint.z
      value: 0
      objectReference: {fileID: 0}
    - target: {fileID: 929992641055090232, guid: 203d77f8f3728cc4bbad9da590b91673,
        type: 3}
      propertyPath: m_Name
      value: Gold Medium (2)
      objectReference: {fileID: 0}
    m_RemovedComponents: []
  m_SourcePrefab: {fileID: 100100000, guid: 203d77f8f3728cc4bbad9da590b91673, type: 3}
--- !u!4 &1300221106686677923 stripped
Transform:
  m_CorrespondingSourceObject: {fileID: 929992641055090229, guid: 203d77f8f3728cc4bbad9da590b91673,
    type: 3}
  m_PrefabInstance: {fileID: 2228348691429111190}
  m_PrefabAsset: {fileID: 0}
--- !u!1001 &8959617118152217587
PrefabInstance:
  m_ObjectHideFlags: 0
  serializedVersion: 2
  m_Modification:
    m_TransformParent: {fileID: 2908701479395234837}
    m_Modifications:
    - target: {fileID: 929992641055090229, guid: 203d77f8f3728cc4bbad9da590b91673,
        type: 3}
      propertyPath: m_RootOrder
      value: 10
      objectReference: {fileID: 0}
    - target: {fileID: 929992641055090229, guid: 203d77f8f3728cc4bbad9da590b91673,
        type: 3}
      propertyPath: m_LocalPosition.x
      value: 10.36
      objectReference: {fileID: 0}
    - target: {fileID: 929992641055090229, guid: 203d77f8f3728cc4bbad9da590b91673,
        type: 3}
      propertyPath: m_LocalPosition.y
      value: 0.7600001
      objectReference: {fileID: 0}
    - target: {fileID: 929992641055090229, guid: 203d77f8f3728cc4bbad9da590b91673,
        type: 3}
      propertyPath: m_LocalPosition.z
      value: -0.01
      objectReference: {fileID: 0}
    - target: {fileID: 929992641055090229, guid: 203d77f8f3728cc4bbad9da590b91673,
        type: 3}
      propertyPath: m_LocalRotation.w
      value: 1
      objectReference: {fileID: 0}
    - target: {fileID: 929992641055090229, guid: 203d77f8f3728cc4bbad9da590b91673,
        type: 3}
      propertyPath: m_LocalRotation.x
      value: 0
      objectReference: {fileID: 0}
    - target: {fileID: 929992641055090229, guid: 203d77f8f3728cc4bbad9da590b91673,
        type: 3}
      propertyPath: m_LocalRotation.y
      value: 0
      objectReference: {fileID: 0}
    - target: {fileID: 929992641055090229, guid: 203d77f8f3728cc4bbad9da590b91673,
        type: 3}
      propertyPath: m_LocalRotation.z
      value: 0
      objectReference: {fileID: 0}
    - target: {fileID: 929992641055090229, guid: 203d77f8f3728cc4bbad9da590b91673,
        type: 3}
      propertyPath: m_LocalEulerAnglesHint.x
      value: 0
      objectReference: {fileID: 0}
    - target: {fileID: 929992641055090229, guid: 203d77f8f3728cc4bbad9da590b91673,
        type: 3}
      propertyPath: m_LocalEulerAnglesHint.y
      value: 0
      objectReference: {fileID: 0}
    - target: {fileID: 929992641055090229, guid: 203d77f8f3728cc4bbad9da590b91673,
        type: 3}
      propertyPath: m_LocalEulerAnglesHint.z
      value: 0
      objectReference: {fileID: 0}
    - target: {fileID: 929992641055090232, guid: 203d77f8f3728cc4bbad9da590b91673,
        type: 3}
      propertyPath: m_Name
      value: Gold Medium
      objectReference: {fileID: 0}
    m_RemovedComponents: []
  m_SourcePrefab: {fileID: 100100000, guid: 203d77f8f3728cc4bbad9da590b91673, type: 3}
--- !u!4 &8120283894100014534 stripped
Transform:
  m_CorrespondingSourceObject: {fileID: 929992641055090229, guid: 203d77f8f3728cc4bbad9da590b91673,
    type: 3}
  m_PrefabInstance: {fileID: 8959617118152217587}
  m_PrefabAsset: {fileID: 0}
--- !u!1001 &8959617118300539014
PrefabInstance:
  m_ObjectHideFlags: 0
  serializedVersion: 2
  m_Modification:
    m_TransformParent: {fileID: 2908701479395234837}
    m_Modifications:
    - target: {fileID: 6156982131813864258, guid: a25cfb94f0f73ba4fae7215af21c0e05,
        type: 3}
      propertyPath: m_RootOrder
      value: 9
      objectReference: {fileID: 0}
    - target: {fileID: 6156982131813864258, guid: a25cfb94f0f73ba4fae7215af21c0e05,
        type: 3}
      propertyPath: m_LocalScale.x
      value: 0.5
      objectReference: {fileID: 0}
    - target: {fileID: 6156982131813864258, guid: a25cfb94f0f73ba4fae7215af21c0e05,
        type: 3}
      propertyPath: m_LocalScale.y
      value: 0.5
      objectReference: {fileID: 0}
    - target: {fileID: 6156982131813864258, guid: a25cfb94f0f73ba4fae7215af21c0e05,
        type: 3}
      propertyPath: m_LocalScale.z
      value: 0.5
      objectReference: {fileID: 0}
    - target: {fileID: 6156982131813864258, guid: a25cfb94f0f73ba4fae7215af21c0e05,
        type: 3}
      propertyPath: m_LocalPosition.x
      value: -0.7671
      objectReference: {fileID: 0}
    - target: {fileID: 6156982131813864258, guid: a25cfb94f0f73ba4fae7215af21c0e05,
        type: 3}
      propertyPath: m_LocalPosition.y
      value: 0.2028
      objectReference: {fileID: 0}
    - target: {fileID: 6156982131813864258, guid: a25cfb94f0f73ba4fae7215af21c0e05,
        type: 3}
      propertyPath: m_LocalPosition.z
      value: -0.01
      objectReference: {fileID: 0}
    - target: {fileID: 6156982131813864258, guid: a25cfb94f0f73ba4fae7215af21c0e05,
        type: 3}
      propertyPath: m_LocalRotation.w
      value: 1
      objectReference: {fileID: 0}
    - target: {fileID: 6156982131813864258, guid: a25cfb94f0f73ba4fae7215af21c0e05,
        type: 3}
      propertyPath: m_LocalRotation.x
      value: -0
      objectReference: {fileID: 0}
    - target: {fileID: 6156982131813864258, guid: a25cfb94f0f73ba4fae7215af21c0e05,
        type: 3}
      propertyPath: m_LocalRotation.y
      value: -0
      objectReference: {fileID: 0}
    - target: {fileID: 6156982131813864258, guid: a25cfb94f0f73ba4fae7215af21c0e05,
        type: 3}
      propertyPath: m_LocalRotation.z
      value: -0
      objectReference: {fileID: 0}
    - target: {fileID: 6156982131813864258, guid: a25cfb94f0f73ba4fae7215af21c0e05,
        type: 3}
      propertyPath: m_LocalEulerAnglesHint.x
      value: 0
      objectReference: {fileID: 0}
    - target: {fileID: 6156982131813864258, guid: a25cfb94f0f73ba4fae7215af21c0e05,
        type: 3}
      propertyPath: m_LocalEulerAnglesHint.y
      value: 0
      objectReference: {fileID: 0}
    - target: {fileID: 6156982131813864258, guid: a25cfb94f0f73ba4fae7215af21c0e05,
        type: 3}
      propertyPath: m_LocalEulerAnglesHint.z
      value: 0
      objectReference: {fileID: 0}
    - target: {fileID: 6156982131813864265, guid: a25cfb94f0f73ba4fae7215af21c0e05,
        type: 3}
      propertyPath: m_Name
      value: Diamond (1)
      objectReference: {fileID: 0}
    - target: {fileID: 6156982131813864269, guid: a25cfb94f0f73ba4fae7215af21c0e05,
        type: 3}
      propertyPath: m_SortingOrder
      value: 7
      objectReference: {fileID: 0}
    m_RemovedComponents: []
  m_SourcePrefab: {fileID: 100100000, guid: a25cfb94f0f73ba4fae7215af21c0e05, type: 3}
--- !u!4 &2965350889396722628 stripped
Transform:
  m_CorrespondingSourceObject: {fileID: 6156982131813864258, guid: a25cfb94f0f73ba4fae7215af21c0e05,
    type: 3}
  m_PrefabInstance: {fileID: 8959617118300539014}
  m_PrefabAsset: {fileID: 0}
--- !u!1001 &8959617118320091428
PrefabInstance:
  m_ObjectHideFlags: 0
  serializedVersion: 2
  m_Modification:
    m_TransformParent: {fileID: 2908701479395234837}
    m_Modifications:
    - target: {fileID: 4116627413283346390, guid: c5055a199086d4a46941e6bc2b3cb200,
        type: 3}
      propertyPath: m_RootOrder
      value: 2
      objectReference: {fileID: 0}
    - target: {fileID: 4116627413283346390, guid: c5055a199086d4a46941e6bc2b3cb200,
        type: 3}
      propertyPath: m_LocalPosition.x
      value: 8.9
      objectReference: {fileID: 0}
    - target: {fileID: 4116627413283346390, guid: c5055a199086d4a46941e6bc2b3cb200,
        type: 3}
      propertyPath: m_LocalPosition.y
      value: 2.16
      objectReference: {fileID: 0}
    - target: {fileID: 4116627413283346390, guid: c5055a199086d4a46941e6bc2b3cb200,
        type: 3}
      propertyPath: m_LocalPosition.z
      value: -0.01
      objectReference: {fileID: 0}
    - target: {fileID: 4116627413283346390, guid: c5055a199086d4a46941e6bc2b3cb200,
        type: 3}
      propertyPath: m_LocalRotation.w
      value: 1
      objectReference: {fileID: 0}
    - target: {fileID: 4116627413283346390, guid: c5055a199086d4a46941e6bc2b3cb200,
        type: 3}
      propertyPath: m_LocalRotation.x
      value: -0
      objectReference: {fileID: 0}
    - target: {fileID: 4116627413283346390, guid: c5055a199086d4a46941e6bc2b3cb200,
        type: 3}
      propertyPath: m_LocalRotation.y
      value: -0
      objectReference: {fileID: 0}
    - target: {fileID: 4116627413283346390, guid: c5055a199086d4a46941e6bc2b3cb200,
        type: 3}
      propertyPath: m_LocalRotation.z
      value: -0
      objectReference: {fileID: 0}
    - target: {fileID: 4116627413283346390, guid: c5055a199086d4a46941e6bc2b3cb200,
        type: 3}
      propertyPath: m_LocalEulerAnglesHint.x
      value: 0
      objectReference: {fileID: 0}
    - target: {fileID: 4116627413283346390, guid: c5055a199086d4a46941e6bc2b3cb200,
        type: 3}
      propertyPath: m_LocalEulerAnglesHint.y
      value: 0
      objectReference: {fileID: 0}
    - target: {fileID: 4116627413283346390, guid: c5055a199086d4a46941e6bc2b3cb200,
        type: 3}
      propertyPath: m_LocalEulerAnglesHint.z
      value: 0
      objectReference: {fileID: 0}
    - target: {fileID: 4116627413283346395, guid: c5055a199086d4a46941e6bc2b3cb200,
        type: 3}
      propertyPath: m_Name
      value: Gold Small
      objectReference: {fileID: 0}
    m_RemovedComponents: []
  m_SourcePrefab: {fileID: 100100000, guid: c5055a199086d4a46941e6bc2b3cb200, type: 3}
--- !u!4 &5005687896470583026 stripped
Transform:
  m_CorrespondingSourceObject: {fileID: 4116627413283346390, guid: c5055a199086d4a46941e6bc2b3cb200,
    type: 3}
  m_PrefabInstance: {fileID: 8959617118320091428}
  m_PrefabAsset: {fileID: 0}
--- !u!1001 &8959617118680827878
PrefabInstance:
  m_ObjectHideFlags: 0
  serializedVersion: 2
  m_Modification:
    m_TransformParent: {fileID: 2908701479395234837}
    m_Modifications:
    - target: {fileID: 6156982131813864258, guid: a25cfb94f0f73ba4fae7215af21c0e05,
        type: 3}
      propertyPath: m_RootOrder
      value: 7
      objectReference: {fileID: 0}
    - target: {fileID: 6156982131813864258, guid: a25cfb94f0f73ba4fae7215af21c0e05,
        type: 3}
      propertyPath: m_LocalScale.x
      value: 0.5
      objectReference: {fileID: 0}
    - target: {fileID: 6156982131813864258, guid: a25cfb94f0f73ba4fae7215af21c0e05,
        type: 3}
      propertyPath: m_LocalScale.y
      value: 0.5
      objectReference: {fileID: 0}
    - target: {fileID: 6156982131813864258, guid: a25cfb94f0f73ba4fae7215af21c0e05,
        type: 3}
      propertyPath: m_LocalScale.z
      value: 0.5
      objectReference: {fileID: 0}
    - target: {fileID: 6156982131813864258, guid: a25cfb94f0f73ba4fae7215af21c0e05,
        type: 3}
      propertyPath: m_LocalPosition.x
      value: 9.120867
      objectReference: {fileID: 0}
    - target: {fileID: 6156982131813864258, guid: a25cfb94f0f73ba4fae7215af21c0e05,
        type: 3}
      propertyPath: m_LocalPosition.y
      value: -1.2754995
      objectReference: {fileID: 0}
    - target: {fileID: 6156982131813864258, guid: a25cfb94f0f73ba4fae7215af21c0e05,
        type: 3}
      propertyPath: m_LocalPosition.z
      value: -0.01
      objectReference: {fileID: 0}
    - target: {fileID: 6156982131813864258, guid: a25cfb94f0f73ba4fae7215af21c0e05,
        type: 3}
      propertyPath: m_LocalRotation.w
      value: 1
      objectReference: {fileID: 0}
    - target: {fileID: 6156982131813864258, guid: a25cfb94f0f73ba4fae7215af21c0e05,
        type: 3}
      propertyPath: m_LocalRotation.x
      value: -0
      objectReference: {fileID: 0}
    - target: {fileID: 6156982131813864258, guid: a25cfb94f0f73ba4fae7215af21c0e05,
        type: 3}
      propertyPath: m_LocalRotation.y
      value: -0
      objectReference: {fileID: 0}
    - target: {fileID: 6156982131813864258, guid: a25cfb94f0f73ba4fae7215af21c0e05,
        type: 3}
      propertyPath: m_LocalRotation.z
      value: -0
      objectReference: {fileID: 0}
    - target: {fileID: 6156982131813864258, guid: a25cfb94f0f73ba4fae7215af21c0e05,
        type: 3}
      propertyPath: m_LocalEulerAnglesHint.x
      value: 0
      objectReference: {fileID: 0}
    - target: {fileID: 6156982131813864258, guid: a25cfb94f0f73ba4fae7215af21c0e05,
        type: 3}
      propertyPath: m_LocalEulerAnglesHint.y
      value: 0
      objectReference: {fileID: 0}
    - target: {fileID: 6156982131813864258, guid: a25cfb94f0f73ba4fae7215af21c0e05,
        type: 3}
      propertyPath: m_LocalEulerAnglesHint.z
      value: 0
      objectReference: {fileID: 0}
    - target: {fileID: 6156982131813864265, guid: a25cfb94f0f73ba4fae7215af21c0e05,
        type: 3}
      propertyPath: m_Name
      value: Diamond (2)
      objectReference: {fileID: 0}
    - target: {fileID: 6156982131813864269, guid: a25cfb94f0f73ba4fae7215af21c0e05,
        type: 3}
      propertyPath: m_SortingOrder
      value: 7
      objectReference: {fileID: 0}
    m_RemovedComponents: []
  m_SourcePrefab: {fileID: 100100000, guid: a25cfb94f0f73ba4fae7215af21c0e05, type: 3}
--- !u!4 &2965350888732595364 stripped
Transform:
  m_CorrespondingSourceObject: {fileID: 6156982131813864258, guid: a25cfb94f0f73ba4fae7215af21c0e05,
    type: 3}
  m_PrefabInstance: {fileID: 8959617118680827878}
  m_PrefabAsset: {fileID: 0}
--- !u!1001 &8959617118716135391
PrefabInstance:
  m_ObjectHideFlags: 0
  serializedVersion: 2
  m_Modification:
    m_TransformParent: {fileID: 2908701479395234837}
    m_Modifications:
    - target: {fileID: 6268603993516446372, guid: 2e7ba0eb5d8ff194585116b0af65fb41,
        type: 3}
      propertyPath: m_Name
      value: Stone Small
      objectReference: {fileID: 0}
    - target: {fileID: 6268603993516446377, guid: 2e7ba0eb5d8ff194585116b0af65fb41,
        type: 3}
      propertyPath: m_RootOrder
      value: 1
      objectReference: {fileID: 0}
    - target: {fileID: 6268603993516446377, guid: 2e7ba0eb5d8ff194585116b0af65fb41,
        type: 3}
      propertyPath: m_LocalPosition.x
      value: 2.9299998
      objectReference: {fileID: 0}
    - target: {fileID: 6268603993516446377, guid: 2e7ba0eb5d8ff194585116b0af65fb41,
        type: 3}
      propertyPath: m_LocalPosition.y
      value: 1.3700001
      objectReference: {fileID: 0}
    - target: {fileID: 6268603993516446377, guid: 2e7ba0eb5d8ff194585116b0af65fb41,
        type: 3}
      propertyPath: m_LocalPosition.z
      value: -0.01
      objectReference: {fileID: 0}
    - target: {fileID: 6268603993516446377, guid: 2e7ba0eb5d8ff194585116b0af65fb41,
        type: 3}
      propertyPath: m_LocalRotation.w
      value: 1
      objectReference: {fileID: 0}
    - target: {fileID: 6268603993516446377, guid: 2e7ba0eb5d8ff194585116b0af65fb41,
        type: 3}
      propertyPath: m_LocalRotation.x
      value: -0
      objectReference: {fileID: 0}
    - target: {fileID: 6268603993516446377, guid: 2e7ba0eb5d8ff194585116b0af65fb41,
        type: 3}
      propertyPath: m_LocalRotation.y
      value: -0
      objectReference: {fileID: 0}
    - target: {fileID: 6268603993516446377, guid: 2e7ba0eb5d8ff194585116b0af65fb41,
        type: 3}
      propertyPath: m_LocalRotation.z
      value: -0
      objectReference: {fileID: 0}
    - target: {fileID: 6268603993516446377, guid: 2e7ba0eb5d8ff194585116b0af65fb41,
        type: 3}
      propertyPath: m_LocalEulerAnglesHint.x
      value: 0
      objectReference: {fileID: 0}
    - target: {fileID: 6268603993516446377, guid: 2e7ba0eb5d8ff194585116b0af65fb41,
        type: 3}
      propertyPath: m_LocalEulerAnglesHint.y
      value: 0
      objectReference: {fileID: 0}
    - target: {fileID: 6268603993516446377, guid: 2e7ba0eb5d8ff194585116b0af65fb41,
        type: 3}
      propertyPath: m_LocalEulerAnglesHint.z
      value: 0
      objectReference: {fileID: 0}
    m_RemovedComponents: []
  m_SourcePrefab: {fileID: 100100000, guid: 2e7ba0eb5d8ff194585116b0af65fb41, type: 3}
--- !u!4 &3073841239287731574 stripped
Transform:
  m_CorrespondingSourceObject: {fileID: 6268603993516446377, guid: 2e7ba0eb5d8ff194585116b0af65fb41,
    type: 3}
  m_PrefabInstance: {fileID: 8959617118716135391}
  m_PrefabAsset: {fileID: 0}
--- !u!1001 &8959617118802635331
PrefabInstance:
  m_ObjectHideFlags: 0
  serializedVersion: 2
  m_Modification:
    m_TransformParent: {fileID: 2908701479395234837}
    m_Modifications:
    - target: {fileID: 2977712226111650403, guid: 088332f981ce5fe41ad2f639e8dc6330,
        type: 3}
      propertyPath: m_Name
      value: Stone Large
      objectReference: {fileID: 0}
    - target: {fileID: 2977712226111650414, guid: 088332f981ce5fe41ad2f639e8dc6330,
        type: 3}
      propertyPath: m_RootOrder
      value: 3
      objectReference: {fileID: 0}
    - target: {fileID: 2977712226111650414, guid: 088332f981ce5fe41ad2f639e8dc6330,
        type: 3}
      propertyPath: m_LocalPosition.x
      value: 6.37
      objectReference: {fileID: 0}
    - target: {fileID: 2977712226111650414, guid: 088332f981ce5fe41ad2f639e8dc6330,
        type: 3}
      propertyPath: m_LocalPosition.y
      value: 2.5400002
      objectReference: {fileID: 0}
    - target: {fileID: 2977712226111650414, guid: 088332f981ce5fe41ad2f639e8dc6330,
        type: 3}
      propertyPath: m_LocalPosition.z
      value: -0.01
      objectReference: {fileID: 0}
    - target: {fileID: 2977712226111650414, guid: 088332f981ce5fe41ad2f639e8dc6330,
        type: 3}
      propertyPath: m_LocalRotation.w
      value: 1
      objectReference: {fileID: 0}
    - target: {fileID: 2977712226111650414, guid: 088332f981ce5fe41ad2f639e8dc6330,
        type: 3}
      propertyPath: m_LocalRotation.x
      value: -0
      objectReference: {fileID: 0}
    - target: {fileID: 2977712226111650414, guid: 088332f981ce5fe41ad2f639e8dc6330,
        type: 3}
      propertyPath: m_LocalRotation.y
      value: -0
      objectReference: {fileID: 0}
    - target: {fileID: 2977712226111650414, guid: 088332f981ce5fe41ad2f639e8dc6330,
        type: 3}
      propertyPath: m_LocalRotation.z
      value: -0
      objectReference: {fileID: 0}
    - target: {fileID: 2977712226111650414, guid: 088332f981ce5fe41ad2f639e8dc6330,
        type: 3}
      propertyPath: m_LocalEulerAnglesHint.x
      value: 0
      objectReference: {fileID: 0}
    - target: {fileID: 2977712226111650414, guid: 088332f981ce5fe41ad2f639e8dc6330,
        type: 3}
      propertyPath: m_LocalEulerAnglesHint.y
      value: 0
      objectReference: {fileID: 0}
    - target: {fileID: 2977712226111650414, guid: 088332f981ce5fe41ad2f639e8dc6330,
        type: 3}
      propertyPath: m_LocalEulerAnglesHint.z
      value: 0
      objectReference: {fileID: 0}
    m_RemovedComponents: []
  m_SourcePrefab: {fileID: 100100000, guid: 088332f981ce5fe41ad2f639e8dc6330, type: 3}
--- !u!4 &6126022709823770669 stripped
Transform:
  m_CorrespondingSourceObject: {fileID: 2977712226111650414, guid: 088332f981ce5fe41ad2f639e8dc6330,
    type: 3}
  m_PrefabInstance: {fileID: 8959617118802635331}
  m_PrefabAsset: {fileID: 0}
--- !u!1001 &8959617119385233642
PrefabInstance:
  m_ObjectHideFlags: 0
  serializedVersion: 2
  m_Modification:
    m_TransformParent: {fileID: 2908701479395234837}
    m_Modifications:
    - target: {fileID: 6156982131813864258, guid: a25cfb94f0f73ba4fae7215af21c0e05,
        type: 3}
      propertyPath: m_RootOrder
      value: 8
      objectReference: {fileID: 0}
    - target: {fileID: 6156982131813864258, guid: a25cfb94f0f73ba4fae7215af21c0e05,
        type: 3}
      propertyPath: m_LocalScale.x
      value: 0.5
      objectReference: {fileID: 0}
    - target: {fileID: 6156982131813864258, guid: a25cfb94f0f73ba4fae7215af21c0e05,
        type: 3}
      propertyPath: m_LocalScale.y
      value: 0.5
      objectReference: {fileID: 0}
    - target: {fileID: 6156982131813864258, guid: a25cfb94f0f73ba4fae7215af21c0e05,
        type: 3}
      propertyPath: m_LocalScale.z
      value: 0.5
      objectReference: {fileID: 0}
    - target: {fileID: 6156982131813864258, guid: a25cfb94f0f73ba4fae7215af21c0e05,
        type: 3}
      propertyPath: m_LocalPosition.x
      value: 5.248595
      objectReference: {fileID: 0}
    - target: {fileID: 6156982131813864258, guid: a25cfb94f0f73ba4fae7215af21c0e05,
        type: 3}
      propertyPath: m_LocalPosition.y
      value: -0.52322865
      objectReference: {fileID: 0}
    - target: {fileID: 6156982131813864258, guid: a25cfb94f0f73ba4fae7215af21c0e05,
        type: 3}
      propertyPath: m_LocalPosition.z
      value: -0.01
      objectReference: {fileID: 0}
    - target: {fileID: 6156982131813864258, guid: a25cfb94f0f73ba4fae7215af21c0e05,
        type: 3}
      propertyPath: m_LocalRotation.w
      value: 1
      objectReference: {fileID: 0}
    - target: {fileID: 6156982131813864258, guid: a25cfb94f0f73ba4fae7215af21c0e05,
        type: 3}
      propertyPath: m_LocalRotation.x
      value: -0
      objectReference: {fileID: 0}
    - target: {fileID: 6156982131813864258, guid: a25cfb94f0f73ba4fae7215af21c0e05,
        type: 3}
      propertyPath: m_LocalRotation.y
      value: -0
      objectReference: {fileID: 0}
    - target: {fileID: 6156982131813864258, guid: a25cfb94f0f73ba4fae7215af21c0e05,
        type: 3}
      propertyPath: m_LocalRotation.z
      value: -0
      objectReference: {fileID: 0}
    - target: {fileID: 6156982131813864258, guid: a25cfb94f0f73ba4fae7215af21c0e05,
        type: 3}
      propertyPath: m_LocalEulerAnglesHint.x
      value: 0
      objectReference: {fileID: 0}
    - target: {fileID: 6156982131813864258, guid: a25cfb94f0f73ba4fae7215af21c0e05,
        type: 3}
      propertyPath: m_LocalEulerAnglesHint.y
      value: 0
      objectReference: {fileID: 0}
    - target: {fileID: 6156982131813864258, guid: a25cfb94f0f73ba4fae7215af21c0e05,
        type: 3}
      propertyPath: m_LocalEulerAnglesHint.z
      value: 0
      objectReference: {fileID: 0}
    - target: {fileID: 6156982131813864265, guid: a25cfb94f0f73ba4fae7215af21c0e05,
        type: 3}
      propertyPath: m_Name
      value: Diamond (3)
      objectReference: {fileID: 0}
    - target: {fileID: 6156982131813864269, guid: a25cfb94f0f73ba4fae7215af21c0e05,
        type: 3}
      propertyPath: m_SortingOrder
      value: 7
      objectReference: {fileID: 0}
    m_RemovedComponents: []
  m_SourcePrefab: {fileID: 100100000, guid: a25cfb94f0f73ba4fae7215af21c0e05, type: 3}
--- !u!4 &2965350890443537320 stripped
Transform:
  m_CorrespondingSourceObject: {fileID: 6156982131813864258, guid: a25cfb94f0f73ba4fae7215af21c0e05,
    type: 3}
  m_PrefabInstance: {fileID: 8959617119385233642}
  m_PrefabAsset: {fileID: 0}
--- !u!1001 &8959617119574498678
PrefabInstance:
  m_ObjectHideFlags: 0
  serializedVersion: 2
  m_Modification:
    m_TransformParent: {fileID: 2908701479395234837}
    m_Modifications:
    - target: {fileID: 929992641055090229, guid: 203d77f8f3728cc4bbad9da590b91673,
        type: 3}
      propertyPath: m_RootOrder
      value: 5
      objectReference: {fileID: 0}
    - target: {fileID: 929992641055090229, guid: 203d77f8f3728cc4bbad9da590b91673,
        type: 3}
      propertyPath: m_LocalPosition.x
      value: 1.3
      objectReference: {fileID: 0}
    - target: {fileID: 929992641055090229, guid: 203d77f8f3728cc4bbad9da590b91673,
        type: 3}
      propertyPath: m_LocalPosition.y
      value: -0.46999985
      objectReference: {fileID: 0}
    - target: {fileID: 929992641055090229, guid: 203d77f8f3728cc4bbad9da590b91673,
        type: 3}
      propertyPath: m_LocalPosition.z
      value: -0.01
      objectReference: {fileID: 0}
    - target: {fileID: 929992641055090229, guid: 203d77f8f3728cc4bbad9da590b91673,
        type: 3}
      propertyPath: m_LocalRotation.w
      value: 1
      objectReference: {fileID: 0}
    - target: {fileID: 929992641055090229, guid: 203d77f8f3728cc4bbad9da590b91673,
        type: 3}
      propertyPath: m_LocalRotation.x
      value: 0
      objectReference: {fileID: 0}
    - target: {fileID: 929992641055090229, guid: 203d77f8f3728cc4bbad9da590b91673,
        type: 3}
      propertyPath: m_LocalRotation.y
      value: 0
      objectReference: {fileID: 0}
    - target: {fileID: 929992641055090229, guid: 203d77f8f3728cc4bbad9da590b91673,
        type: 3}
      propertyPath: m_LocalRotation.z
      value: 0
      objectReference: {fileID: 0}
    - target: {fileID: 929992641055090229, guid: 203d77f8f3728cc4bbad9da590b91673,
        type: 3}
      propertyPath: m_LocalEulerAnglesHint.x
      value: 0
      objectReference: {fileID: 0}
    - target: {fileID: 929992641055090229, guid: 203d77f8f3728cc4bbad9da590b91673,
        type: 3}
      propertyPath: m_LocalEulerAnglesHint.y
      value: 0
      objectReference: {fileID: 0}
    - target: {fileID: 929992641055090229, guid: 203d77f8f3728cc4bbad9da590b91673,
        type: 3}
      propertyPath: m_LocalEulerAnglesHint.z
      value: 0
      objectReference: {fileID: 0}
    - target: {fileID: 929992641055090232, guid: 203d77f8f3728cc4bbad9da590b91673,
        type: 3}
      propertyPath: m_Name
      value: Gold Medium
      objectReference: {fileID: 0}
    m_RemovedComponents: []
  m_SourcePrefab: {fileID: 100100000, guid: 203d77f8f3728cc4bbad9da590b91673, type: 3}
--- !u!4 &8120283894826138435 stripped
Transform:
  m_CorrespondingSourceObject: {fileID: 929992641055090229, guid: 203d77f8f3728cc4bbad9da590b91673,
    type: 3}
  m_PrefabInstance: {fileID: 8959617119574498678}
  m_PrefabAsset: {fileID: 0}
--- !u!1001 &8959617119675189382
PrefabInstance:
  m_ObjectHideFlags: 0
  serializedVersion: 2
  m_Modification:
    m_TransformParent: {fileID: 2908701479395234837}
    m_Modifications:
    - target: {fileID: 2977712226111650403, guid: 088332f981ce5fe41ad2f639e8dc6330,
        type: 3}
      propertyPath: m_Name
      value: Stone Large (1)
      objectReference: {fileID: 0}
    - target: {fileID: 2977712226111650414, guid: 088332f981ce5fe41ad2f639e8dc6330,
        type: 3}
      propertyPath: m_RootOrder
      value: 4
      objectReference: {fileID: 0}
    - target: {fileID: 2977712226111650414, guid: 088332f981ce5fe41ad2f639e8dc6330,
        type: 3}
      propertyPath: m_LocalPosition.x
      value: -3.69
      objectReference: {fileID: 0}
    - target: {fileID: 2977712226111650414, guid: 088332f981ce5fe41ad2f639e8dc6330,
        type: 3}
      propertyPath: m_LocalPosition.y
      value: -0.51999986
      objectReference: {fileID: 0}
    - target: {fileID: 2977712226111650414, guid: 088332f981ce5fe41ad2f639e8dc6330,
        type: 3}
      propertyPath: m_LocalPosition.z
      value: -0.01
      objectReference: {fileID: 0}
    - target: {fileID: 2977712226111650414, guid: 088332f981ce5fe41ad2f639e8dc6330,
        type: 3}
      propertyPath: m_LocalRotation.w
      value: 1
      objectReference: {fileID: 0}
    - target: {fileID: 2977712226111650414, guid: 088332f981ce5fe41ad2f639e8dc6330,
        type: 3}
      propertyPath: m_LocalRotation.x
      value: -0
      objectReference: {fileID: 0}
    - target: {fileID: 2977712226111650414, guid: 088332f981ce5fe41ad2f639e8dc6330,
        type: 3}
      propertyPath: m_LocalRotation.y
      value: -0
      objectReference: {fileID: 0}
    - target: {fileID: 2977712226111650414, guid: 088332f981ce5fe41ad2f639e8dc6330,
        type: 3}
      propertyPath: m_LocalRotation.z
      value: -0
      objectReference: {fileID: 0}
    - target: {fileID: 2977712226111650414, guid: 088332f981ce5fe41ad2f639e8dc6330,
        type: 3}
      propertyPath: m_LocalEulerAnglesHint.x
      value: 0
      objectReference: {fileID: 0}
    - target: {fileID: 2977712226111650414, guid: 088332f981ce5fe41ad2f639e8dc6330,
        type: 3}
      propertyPath: m_LocalEulerAnglesHint.y
      value: 0
      objectReference: {fileID: 0}
    - target: {fileID: 2977712226111650414, guid: 088332f981ce5fe41ad2f639e8dc6330,
        type: 3}
      propertyPath: m_LocalEulerAnglesHint.z
      value: 0
      objectReference: {fileID: 0}
    m_RemovedComponents: []
  m_SourcePrefab: {fileID: 100100000, guid: 088332f981ce5fe41ad2f639e8dc6330, type: 3}
--- !u!4 &6126022711233180392 stripped
Transform:
  m_CorrespondingSourceObject: {fileID: 2977712226111650414, guid: 088332f981ce5fe41ad2f639e8dc6330,
    type: 3}
  m_PrefabInstance: {fileID: 8959617119675189382}
  m_PrefabAsset: {fileID: 0}
--- !u!1001 &8959617119701400142
PrefabInstance:
  m_ObjectHideFlags: 0
  serializedVersion: 2
  m_Modification:
    m_TransformParent: {fileID: 2908701479395234837}
    m_Modifications:
    - target: {fileID: 5873108958089362771, guid: 8b4042989510ac44592403deddfcc6ab,
        type: 3}
      propertyPath: m_RootOrder
      value: 0
      objectReference: {fileID: 0}
    - target: {fileID: 5873108958089362771, guid: 8b4042989510ac44592403deddfcc6ab,
        type: 3}
      propertyPath: m_LocalPosition.x
      value: 2.53
      objectReference: {fileID: 0}
    - target: {fileID: 5873108958089362771, guid: 8b4042989510ac44592403deddfcc6ab,
        type: 3}
      propertyPath: m_LocalPosition.y
      value: 2.98
      objectReference: {fileID: 0}
    - target: {fileID: 5873108958089362771, guid: 8b4042989510ac44592403deddfcc6ab,
        type: 3}
      propertyPath: m_LocalPosition.z
      value: -0.01
      objectReference: {fileID: 0}
    - target: {fileID: 5873108958089362771, guid: 8b4042989510ac44592403deddfcc6ab,
        type: 3}
      propertyPath: m_LocalRotation.w
      value: 1
      objectReference: {fileID: 0}
    - target: {fileID: 5873108958089362771, guid: 8b4042989510ac44592403deddfcc6ab,
        type: 3}
      propertyPath: m_LocalRotation.x
      value: -0
      objectReference: {fileID: 0}
    - target: {fileID: 5873108958089362771, guid: 8b4042989510ac44592403deddfcc6ab,
        type: 3}
      propertyPath: m_LocalRotation.y
      value: -0
      objectReference: {fileID: 0}
    - target: {fileID: 5873108958089362771, guid: 8b4042989510ac44592403deddfcc6ab,
        type: 3}
      propertyPath: m_LocalRotation.z
      value: -0
      objectReference: {fileID: 0}
    - target: {fileID: 5873108958089362771, guid: 8b4042989510ac44592403deddfcc6ab,
        type: 3}
      propertyPath: m_LocalEulerAnglesHint.x
      value: 0
      objectReference: {fileID: 0}
    - target: {fileID: 5873108958089362771, guid: 8b4042989510ac44592403deddfcc6ab,
        type: 3}
      propertyPath: m_LocalEulerAnglesHint.y
      value: 0
      objectReference: {fileID: 0}
    - target: {fileID: 5873108958089362771, guid: 8b4042989510ac44592403deddfcc6ab,
        type: 3}
      propertyPath: m_LocalEulerAnglesHint.z
      value: 0
      objectReference: {fileID: 0}
    - target: {fileID: 5873108958089362782, guid: 8b4042989510ac44592403deddfcc6ab,
        type: 3}
      propertyPath: m_Name
      value: Stone Medium
      objectReference: {fileID: 0}
    m_RemovedComponents: []
  m_SourcePrefab: {fileID: 100100000, guid: 8b4042989510ac44592403deddfcc6ab, type: 3}
--- !u!4 &3303264115461179165 stripped
Transform:
  m_CorrespondingSourceObject: {fileID: 5873108958089362771, guid: 8b4042989510ac44592403deddfcc6ab,
    type: 3}
  m_PrefabInstance: {fileID: 8959617119701400142}
  m_PrefabAsset: {fileID: 0}
--- !u!1001 &8959617119860980857
PrefabInstance:
  m_ObjectHideFlags: 0
  serializedVersion: 2
  m_Modification:
    m_TransformParent: {fileID: 2908701479395234837}
    m_Modifications:
    - target: {fileID: 5873108958089362771, guid: 8b4042989510ac44592403deddfcc6ab,
        type: 3}
      propertyPath: m_RootOrder
      value: 11
      objectReference: {fileID: 0}
    - target: {fileID: 5873108958089362771, guid: 8b4042989510ac44592403deddfcc6ab,
        type: 3}
      propertyPath: m_LocalPosition.x
      value: 13.76
      objectReference: {fileID: 0}
    - target: {fileID: 5873108958089362771, guid: 8b4042989510ac44592403deddfcc6ab,
        type: 3}
      propertyPath: m_LocalPosition.y
      value: 0.23
      objectReference: {fileID: 0}
    - target: {fileID: 5873108958089362771, guid: 8b4042989510ac44592403deddfcc6ab,
        type: 3}
      propertyPath: m_LocalPosition.z
      value: -0.01
      objectReference: {fileID: 0}
    - target: {fileID: 5873108958089362771, guid: 8b4042989510ac44592403deddfcc6ab,
        type: 3}
      propertyPath: m_LocalRotation.w
      value: 1
      objectReference: {fileID: 0}
    - target: {fileID: 5873108958089362771, guid: 8b4042989510ac44592403deddfcc6ab,
        type: 3}
      propertyPath: m_LocalRotation.x
      value: -0
      objectReference: {fileID: 0}
    - target: {fileID: 5873108958089362771, guid: 8b4042989510ac44592403deddfcc6ab,
        type: 3}
      propertyPath: m_LocalRotation.y
      value: -0
      objectReference: {fileID: 0}
    - target: {fileID: 5873108958089362771, guid: 8b4042989510ac44592403deddfcc6ab,
        type: 3}
      propertyPath: m_LocalRotation.z
      value: -0
      objectReference: {fileID: 0}
    - target: {fileID: 5873108958089362771, guid: 8b4042989510ac44592403deddfcc6ab,
        type: 3}
      propertyPath: m_LocalEulerAnglesHint.x
      value: 0
      objectReference: {fileID: 0}
    - target: {fileID: 5873108958089362771, guid: 8b4042989510ac44592403deddfcc6ab,
        type: 3}
      propertyPath: m_LocalEulerAnglesHint.y
      value: 0
      objectReference: {fileID: 0}
    - target: {fileID: 5873108958089362771, guid: 8b4042989510ac44592403deddfcc6ab,
        type: 3}
      propertyPath: m_LocalEulerAnglesHint.z
      value: 0
      objectReference: {fileID: 0}
    - target: {fileID: 5873108958089362782, guid: 8b4042989510ac44592403deddfcc6ab,
        type: 3}
      propertyPath: m_Name
      value: Stone Medium (1)
      objectReference: {fileID: 0}
    m_RemovedComponents: []
  m_SourcePrefab: {fileID: 100100000, guid: 8b4042989510ac44592403deddfcc6ab, type: 3}
--- !u!4 &3303264115283640618 stripped
Transform:
  m_CorrespondingSourceObject: {fileID: 5873108958089362771, guid: 8b4042989510ac44592403deddfcc6ab,
    type: 3}
  m_PrefabInstance: {fileID: 8959617119860980857}
  m_PrefabAsset: {fileID: 0}
--- !u!1001 &8959617120172399199
PrefabInstance:
  m_ObjectHideFlags: 0
  serializedVersion: 2
  m_Modification:
    m_TransformParent: {fileID: 2908701479395234837}
    m_Modifications:
    - target: {fileID: 4116627413283346390, guid: c5055a199086d4a46941e6bc2b3cb200,
        type: 3}
      propertyPath: m_RootOrder
      value: 6
      objectReference: {fileID: 0}
    - target: {fileID: 4116627413283346390, guid: c5055a199086d4a46941e6bc2b3cb200,
        type: 3}
      propertyPath: m_LocalPosition.x
      value: -1.69
      objectReference: {fileID: 0}
    - target: {fileID: 4116627413283346390, guid: c5055a199086d4a46941e6bc2b3cb200,
        type: 3}
      propertyPath: m_LocalPosition.y
      value: 1.7500002
      objectReference: {fileID: 0}
    - target: {fileID: 4116627413283346390, guid: c5055a199086d4a46941e6bc2b3cb200,
        type: 3}
      propertyPath: m_LocalPosition.z
      value: -0.01
      objectReference: {fileID: 0}
    - target: {fileID: 4116627413283346390, guid: c5055a199086d4a46941e6bc2b3cb200,
        type: 3}
      propertyPath: m_LocalRotation.w
      value: 1
      objectReference: {fileID: 0}
    - target: {fileID: 4116627413283346390, guid: c5055a199086d4a46941e6bc2b3cb200,
        type: 3}
      propertyPath: m_LocalRotation.x
      value: -0
      objectReference: {fileID: 0}
    - target: {fileID: 4116627413283346390, guid: c5055a199086d4a46941e6bc2b3cb200,
        type: 3}
      propertyPath: m_LocalRotation.y
      value: -0
      objectReference: {fileID: 0}
    - target: {fileID: 4116627413283346390, guid: c5055a199086d4a46941e6bc2b3cb200,
        type: 3}
      propertyPath: m_LocalRotation.z
      value: -0
      objectReference: {fileID: 0}
    - target: {fileID: 4116627413283346390, guid: c5055a199086d4a46941e6bc2b3cb200,
        type: 3}
      propertyPath: m_LocalEulerAnglesHint.x
      value: 0
      objectReference: {fileID: 0}
    - target: {fileID: 4116627413283346390, guid: c5055a199086d4a46941e6bc2b3cb200,
        type: 3}
      propertyPath: m_LocalEulerAnglesHint.y
      value: 0
      objectReference: {fileID: 0}
    - target: {fileID: 4116627413283346390, guid: c5055a199086d4a46941e6bc2b3cb200,
        type: 3}
      propertyPath: m_LocalEulerAnglesHint.z
      value: 0
      objectReference: {fileID: 0}
    - target: {fileID: 4116627413283346395, guid: c5055a199086d4a46941e6bc2b3cb200,
        type: 3}
      propertyPath: m_Name
      value: Gold Small (1)
      objectReference: {fileID: 0}
    m_RemovedComponents: []
  m_SourcePrefab: {fileID: 100100000, guid: c5055a199086d4a46941e6bc2b3cb200, type: 3}
--- !u!4 &5005687895604972937 stripped
Transform:
  m_CorrespondingSourceObject: {fileID: 4116627413283346390, guid: c5055a199086d4a46941e6bc2b3cb200,
    type: 3}
  m_PrefabInstance: {fileID: 8959617120172399199}
  m_PrefabAsset: {fileID: 0}
