%YAML 1.1
%TAG !u! tag:unity3d.com,2011:
--- !u!1 &1420922637337911162
GameObject:
  m_ObjectHideFlags: 0
  m_CorrespondingSourceObject: {fileID: 0}
  m_PrefabInstance: {fileID: 0}
  m_PrefabAsset: {fileID: 0}
  serializedVersion: 6
  m_Component:
  - component: {fileID: 1420922637337911161}
  m_Layer: 0
  m_Name: Level Anasazi 2
  m_TagString: Untagged
  m_Icon: {fileID: 0}
  m_NavMeshLayer: 0
  m_StaticEditorFlags: 0
  m_IsActive: 1
--- !u!4 &1420922637337911161
Transform:
  m_ObjectHideFlags: 0
  m_CorrespondingSourceObject: {fileID: 0}
  m_PrefabInstance: {fileID: 0}
  m_PrefabAsset: {fileID: 0}
  m_GameObject: {fileID: 1420922637337911162}
  m_LocalRotation: {x: 0, y: 0, z: 0, w: 1}
  m_LocalPosition: {x: 0, y: 0, z: 0}
  m_LocalScale: {x: 1, y: 1, z: 1}
  m_Children:
  - {fileID: 1599451042495073393}
  - {fileID: 3573199327423483523}
  - {fileID: 3573199327339741778}
  - {fileID: 3573199327159670049}
  - {fileID: 9120404522094443934}
  - {fileID: 6428543718965463418}
  - {fileID: 6428543718884190998}
  - {fileID: 6428543719255021000}
  - {fileID: 7989922556109961604}
  - {fileID: 5279628197800676990}
  - {fileID: 1351893413573071016}
  - {fileID: 239675741129141328}
  - {fileID: 239675741736556853}
  - {fileID: 239675742749580265}
  - {fileID: 5428212095839633066}
  - {fileID: 7849787074023826218}
  - {fileID: 7849787073449711192}
  - {fileID: 3573199326672260677}
  - {fileID: 6516571143429672620}
  - {fileID: 6516571143863334384}
  m_Father: {fileID: 0}
  m_RootOrder: 0
  m_LocalEulerAnglesHint: {x: 0, y: 0, z: 0}
--- !u!1001 &5166505380019022408
PrefabInstance:
  m_ObjectHideFlags: 0
  serializedVersion: 2
  m_Modification:
    m_TransformParent: {fileID: 1420922637337911161}
    m_Modifications:
    - target: {fileID: 4116627413283346390, guid: c5055a199086d4a46941e6bc2b3cb200,
        type: 3}
      propertyPath: m_RootOrder
      value: 4
      objectReference: {fileID: 0}
    - target: {fileID: 4116627413283346390, guid: c5055a199086d4a46941e6bc2b3cb200,
        type: 3}
      propertyPath: m_LocalPosition.x
      value: -0.4100001
      objectReference: {fileID: 0}
    - target: {fileID: 4116627413283346390, guid: c5055a199086d4a46941e6bc2b3cb200,
        type: 3}
      propertyPath: m_LocalPosition.y
      value: 2.54
      objectReference: {fileID: 0}
    - target: {fileID: 4116627413283346390, guid: c5055a199086d4a46941e6bc2b3cb200,
        type: 3}
      propertyPath: m_LocalPosition.z
      value: -0.01
      objectReference: {fileID: 0}
    - target: {fileID: 4116627413283346390, guid: c5055a199086d4a46941e6bc2b3cb200,
        type: 3}
      propertyPath: m_LocalRotation.w
      value: 1
      objectReference: {fileID: 0}
    - target: {fileID: 4116627413283346390, guid: c5055a199086d4a46941e6bc2b3cb200,
        type: 3}
      propertyPath: m_LocalRotation.x
      value: -0
      objectReference: {fileID: 0}
    - target: {fileID: 4116627413283346390, guid: c5055a199086d4a46941e6bc2b3cb200,
        type: 3}
      propertyPath: m_LocalRotation.y
      value: -0
      objectReference: {fileID: 0}
    - target: {fileID: 4116627413283346390, guid: c5055a199086d4a46941e6bc2b3cb200,
        type: 3}
      propertyPath: m_LocalRotation.z
      value: -0
      objectReference: {fileID: 0}
    - target: {fileID: 4116627413283346390, guid: c5055a199086d4a46941e6bc2b3cb200,
        type: 3}
      propertyPath: m_LocalEulerAnglesHint.x
      value: 0
      objectReference: {fileID: 0}
    - target: {fileID: 4116627413283346390, guid: c5055a199086d4a46941e6bc2b3cb200,
        type: 3}
      propertyPath: m_LocalEulerAnglesHint.y
      value: 0
      objectReference: {fileID: 0}
    - target: {fileID: 4116627413283346390, guid: c5055a199086d4a46941e6bc2b3cb200,
        type: 3}
      propertyPath: m_LocalEulerAnglesHint.z
      value: 0
      objectReference: {fileID: 0}
    - target: {fileID: 4116627413283346395, guid: c5055a199086d4a46941e6bc2b3cb200,
        type: 3}
      propertyPath: m_Name
      value: Gold Small
      objectReference: {fileID: 0}
    - target: {fileID: 4116627413283346395, guid: c5055a199086d4a46941e6bc2b3cb200,
        type: 3}
      propertyPath: m_IsActive
      value: 1
      objectReference: {fileID: 0}
    m_RemovedComponents: []
  m_SourcePrefab: {fileID: 100100000, guid: c5055a199086d4a46941e6bc2b3cb200, type: 3}
--- !u!4 &9120404522094443934 stripped
Transform:
  m_CorrespondingSourceObject: {fileID: 4116627413283346390, guid: c5055a199086d4a46941e6bc2b3cb200,
    type: 3}
  m_PrefabInstance: {fileID: 5166505380019022408}
  m_PrefabAsset: {fileID: 0}
--- !u!1001 &5166505380186888351
PrefabInstance:
  m_ObjectHideFlags: 0
  serializedVersion: 2
  m_Modification:
    m_TransformParent: {fileID: 1420922637337911161}
    m_Modifications:
    - target: {fileID: 929992641055090229, guid: 203d77f8f3728cc4bbad9da590b91673,
        type: 3}
      propertyPath: m_RootOrder
      value: 14
      objectReference: {fileID: 0}
    - target: {fileID: 929992641055090229, guid: 203d77f8f3728cc4bbad9da590b91673,
        type: 3}
      propertyPath: m_LocalPosition.x
      value: 8.18
      objectReference: {fileID: 0}
    - target: {fileID: 929992641055090229, guid: 203d77f8f3728cc4bbad9da590b91673,
        type: 3}
      propertyPath: m_LocalPosition.y
      value: 0.22000003
      objectReference: {fileID: 0}
    - target: {fileID: 929992641055090229, guid: 203d77f8f3728cc4bbad9da590b91673,
        type: 3}
      propertyPath: m_LocalPosition.z
      value: -0.01
      objectReference: {fileID: 0}
    - target: {fileID: 929992641055090229, guid: 203d77f8f3728cc4bbad9da590b91673,
        type: 3}
      propertyPath: m_LocalRotation.w
      value: 1
      objectReference: {fileID: 0}
    - target: {fileID: 929992641055090229, guid: 203d77f8f3728cc4bbad9da590b91673,
        type: 3}
      propertyPath: m_LocalRotation.x
      value: 0
      objectReference: {fileID: 0}
    - target: {fileID: 929992641055090229, guid: 203d77f8f3728cc4bbad9da590b91673,
        type: 3}
      propertyPath: m_LocalRotation.y
      value: 0
      objectReference: {fileID: 0}
    - target: {fileID: 929992641055090229, guid: 203d77f8f3728cc4bbad9da590b91673,
        type: 3}
      propertyPath: m_LocalRotation.z
      value: 0
      objectReference: {fileID: 0}
    - target: {fileID: 929992641055090229, guid: 203d77f8f3728cc4bbad9da590b91673,
        type: 3}
      propertyPath: m_LocalEulerAnglesHint.x
      value: 0
      objectReference: {fileID: 0}
    - target: {fileID: 929992641055090229, guid: 203d77f8f3728cc4bbad9da590b91673,
        type: 3}
      propertyPath: m_LocalEulerAnglesHint.y
      value: 0
      objectReference: {fileID: 0}
    - target: {fileID: 929992641055090229, guid: 203d77f8f3728cc4bbad9da590b91673,
        type: 3}
      propertyPath: m_LocalEulerAnglesHint.z
      value: 0
      objectReference: {fileID: 0}
    - target: {fileID: 929992641055090232, guid: 203d77f8f3728cc4bbad9da590b91673,
        type: 3}
      propertyPath: m_Name
      value: Gold Medium
      objectReference: {fileID: 0}
    - target: {fileID: 929992641055090232, guid: 203d77f8f3728cc4bbad9da590b91673,
        type: 3}
      propertyPath: m_IsActive
      value: 1
      objectReference: {fileID: 0}
    m_RemovedComponents: []
  m_SourcePrefab: {fileID: 100100000, guid: 203d77f8f3728cc4bbad9da590b91673, type: 3}
--- !u!4 &5428212095839633066 stripped
Transform:
  m_CorrespondingSourceObject: {fileID: 929992641055090229, guid: 203d77f8f3728cc4bbad9da590b91673,
    type: 3}
  m_PrefabInstance: {fileID: 5166505380186888351}
  m_PrefabAsset: {fileID: 0}
--- !u!1001 &5166505380814565666
PrefabInstance:
  m_ObjectHideFlags: 0
  serializedVersion: 2
  m_Modification:
    m_TransformParent: {fileID: 1420922637337911161}
    m_Modifications:
    - target: {fileID: 5873108958089362771, guid: 8b4042989510ac44592403deddfcc6ab,
        type: 3}
      propertyPath: m_RootOrder
      value: 0
      objectReference: {fileID: 0}
    - target: {fileID: 5873108958089362771, guid: 8b4042989510ac44592403deddfcc6ab,
        type: 3}
      propertyPath: m_LocalPosition.x
      value: 2.8799999
      objectReference: {fileID: 0}
    - target: {fileID: 5873108958089362771, guid: 8b4042989510ac44592403deddfcc6ab,
        type: 3}
      propertyPath: m_LocalPosition.y
      value: -2.04
      objectReference: {fileID: 0}
    - target: {fileID: 5873108958089362771, guid: 8b4042989510ac44592403deddfcc6ab,
        type: 3}
      propertyPath: m_LocalPosition.z
      value: -0.01
      objectReference: {fileID: 0}
    - target: {fileID: 5873108958089362771, guid: 8b4042989510ac44592403deddfcc6ab,
        type: 3}
      propertyPath: m_LocalRotation.w
      value: 1
      objectReference: {fileID: 0}
    - target: {fileID: 5873108958089362771, guid: 8b4042989510ac44592403deddfcc6ab,
        type: 3}
      propertyPath: m_LocalRotation.x
      value: -0
      objectReference: {fileID: 0}
    - target: {fileID: 5873108958089362771, guid: 8b4042989510ac44592403deddfcc6ab,
        type: 3}
      propertyPath: m_LocalRotation.y
      value: -0
      objectReference: {fileID: 0}
    - target: {fileID: 5873108958089362771, guid: 8b4042989510ac44592403deddfcc6ab,
        type: 3}
      propertyPath: m_LocalRotation.z
      value: -0
      objectReference: {fileID: 0}
    - target: {fileID: 5873108958089362771, guid: 8b4042989510ac44592403deddfcc6ab,
        type: 3}
      propertyPath: m_LocalEulerAnglesHint.x
      value: 0
      objectReference: {fileID: 0}
    - target: {fileID: 5873108958089362771, guid: 8b4042989510ac44592403deddfcc6ab,
        type: 3}
      propertyPath: m_LocalEulerAnglesHint.y
      value: 0
      objectReference: {fileID: 0}
    - target: {fileID: 5873108958089362771, guid: 8b4042989510ac44592403deddfcc6ab,
        type: 3}
      propertyPath: m_LocalEulerAnglesHint.z
      value: 0
      objectReference: {fileID: 0}
    - target: {fileID: 5873108958089362782, guid: 8b4042989510ac44592403deddfcc6ab,
        type: 3}
      propertyPath: m_Name
      value: Stone Medium
      objectReference: {fileID: 0}
    - target: {fileID: 5873108958089362782, guid: 8b4042989510ac44592403deddfcc6ab,
        type: 3}
      propertyPath: m_IsActive
      value: 1
      objectReference: {fileID: 0}
    m_RemovedComponents: []
  m_SourcePrefab: {fileID: 100100000, guid: 8b4042989510ac44592403deddfcc6ab, type: 3}
--- !u!4 &1599451042495073393 stripped
Transform:
  m_CorrespondingSourceObject: {fileID: 5873108958089362771, guid: 8b4042989510ac44592403deddfcc6ab,
    type: 3}
  m_PrefabInstance: {fileID: 5166505380814565666}
  m_PrefabAsset: {fileID: 0}
--- !u!1001 &5166505380844946410
PrefabInstance:
  m_ObjectHideFlags: 0
  serializedVersion: 2
  m_Modification:
    m_TransformParent: {fileID: 1420922637337911161}
    m_Modifications:
    - target: {fileID: 2977712226111650403, guid: 088332f981ce5fe41ad2f639e8dc6330,
        type: 3}
      propertyPath: m_Name
      value: Stone Large (1)
      objectReference: {fileID: 0}
    - target: {fileID: 2977712226111650403, guid: 088332f981ce5fe41ad2f639e8dc6330,
        type: 3}
      propertyPath: m_IsActive
      value: 1
      objectReference: {fileID: 0}
    - target: {fileID: 2977712226111650414, guid: 088332f981ce5fe41ad2f639e8dc6330,
        type: 3}
      propertyPath: m_RootOrder
      value: 8
      objectReference: {fileID: 0}
    - target: {fileID: 2977712226111650414, guid: 088332f981ce5fe41ad2f639e8dc6330,
        type: 3}
      propertyPath: m_LocalPosition.x
      value: -2.41
      objectReference: {fileID: 0}
    - target: {fileID: 2977712226111650414, guid: 088332f981ce5fe41ad2f639e8dc6330,
        type: 3}
      propertyPath: m_LocalPosition.y
      value: 0.17000008
      objectReference: {fileID: 0}
    - target: {fileID: 2977712226111650414, guid: 088332f981ce5fe41ad2f639e8dc6330,
        type: 3}
      propertyPath: m_LocalPosition.z
      value: -0.01
      objectReference: {fileID: 0}
    - target: {fileID: 2977712226111650414, guid: 088332f981ce5fe41ad2f639e8dc6330,
        type: 3}
      propertyPath: m_LocalRotation.w
      value: 1
      objectReference: {fileID: 0}
    - target: {fileID: 2977712226111650414, guid: 088332f981ce5fe41ad2f639e8dc6330,
        type: 3}
      propertyPath: m_LocalRotation.x
      value: -0
      objectReference: {fileID: 0}
    - target: {fileID: 2977712226111650414, guid: 088332f981ce5fe41ad2f639e8dc6330,
        type: 3}
      propertyPath: m_LocalRotation.y
      value: -0
      objectReference: {fileID: 0}
    - target: {fileID: 2977712226111650414, guid: 088332f981ce5fe41ad2f639e8dc6330,
        type: 3}
      propertyPath: m_LocalRotation.z
      value: -0
      objectReference: {fileID: 0}
    - target: {fileID: 2977712226111650414, guid: 088332f981ce5fe41ad2f639e8dc6330,
        type: 3}
      propertyPath: m_LocalEulerAnglesHint.x
      value: 0
      objectReference: {fileID: 0}
    - target: {fileID: 2977712226111650414, guid: 088332f981ce5fe41ad2f639e8dc6330,
        type: 3}
      propertyPath: m_LocalEulerAnglesHint.y
      value: 0
      objectReference: {fileID: 0}
    - target: {fileID: 2977712226111650414, guid: 088332f981ce5fe41ad2f639e8dc6330,
        type: 3}
      propertyPath: m_LocalEulerAnglesHint.z
      value: 0
      objectReference: {fileID: 0}
    m_RemovedComponents: []
  m_SourcePrefab: {fileID: 100100000, guid: 088332f981ce5fe41ad2f639e8dc6330, type: 3}
--- !u!4 &7989922556109961604 stripped
Transform:
  m_CorrespondingSourceObject: {fileID: 2977712226111650414, guid: 088332f981ce5fe41ad2f639e8dc6330,
    type: 3}
  m_PrefabInstance: {fileID: 5166505380844946410}
  m_PrefabAsset: {fileID: 0}
--- !u!1001 &6924271926604266694
PrefabInstance:
  m_ObjectHideFlags: 0
  serializedVersion: 2
  m_Modification:
    m_TransformParent: {fileID: 1420922637337911161}
    m_Modifications:
    - target: {fileID: 7152995425394960164, guid: ee3a29fcbd218a642a0d142d6318360d,
        type: 3}
      propertyPath: m_Name
      value: Diamond Small (3)
      objectReference: {fileID: 0}
    - target: {fileID: 7152995425394960175, guid: ee3a29fcbd218a642a0d142d6318360d,
        type: 3}
      propertyPath: m_RootOrder
      value: 13
      objectReference: {fileID: 0}
    - target: {fileID: 7152995425394960175, guid: ee3a29fcbd218a642a0d142d6318360d,
        type: 3}
      propertyPath: m_LocalPosition.x
      value: 10.31
      objectReference: {fileID: 0}
    - target: {fileID: 7152995425394960175, guid: ee3a29fcbd218a642a0d142d6318360d,
        type: 3}
      propertyPath: m_LocalPosition.y
      value: -0.18000007
      objectReference: {fileID: 0}
    - target: {fileID: 7152995425394960175, guid: ee3a29fcbd218a642a0d142d6318360d,
        type: 3}
      propertyPath: m_LocalPosition.z
      value: -0.01
      objectReference: {fileID: 0}
    - target: {fileID: 7152995425394960175, guid: ee3a29fcbd218a642a0d142d6318360d,
        type: 3}
      propertyPath: m_LocalRotation.w
      value: 1
      objectReference: {fileID: 0}
    - target: {fileID: 7152995425394960175, guid: ee3a29fcbd218a642a0d142d6318360d,
        type: 3}
      propertyPath: m_LocalRotation.x
      value: -0
      objectReference: {fileID: 0}
    - target: {fileID: 7152995425394960175, guid: ee3a29fcbd218a642a0d142d6318360d,
        type: 3}
      propertyPath: m_LocalRotation.y
      value: -0
      objectReference: {fileID: 0}
    - target: {fileID: 7152995425394960175, guid: ee3a29fcbd218a642a0d142d6318360d,
        type: 3}
      propertyPath: m_LocalRotation.z
      value: -0
      objectReference: {fileID: 0}
    - target: {fileID: 7152995425394960175, guid: ee3a29fcbd218a642a0d142d6318360d,
        type: 3}
      propertyPath: m_LocalEulerAnglesHint.x
      value: 0
      objectReference: {fileID: 0}
    - target: {fileID: 7152995425394960175, guid: ee3a29fcbd218a642a0d142d6318360d,
        type: 3}
      propertyPath: m_LocalEulerAnglesHint.y
      value: 0
      objectReference: {fileID: 0}
    - target: {fileID: 7152995425394960175, guid: ee3a29fcbd218a642a0d142d6318360d,
        type: 3}
      propertyPath: m_LocalEulerAnglesHint.z
      value: 0
      objectReference: {fileID: 0}
    m_RemovedComponents: []
  m_SourcePrefab: {fileID: 100100000, guid: ee3a29fcbd218a642a0d142d6318360d, type: 3}
--- !u!4 &239675742749580265 stripped
Transform:
  m_CorrespondingSourceObject: {fileID: 7152995425394960175, guid: ee3a29fcbd218a642a0d142d6318360d,
    type: 3}
  m_PrefabInstance: {fileID: 6924271926604266694}
  m_PrefabAsset: {fileID: 0}
--- !u!1001 &6924271926618275008
PrefabInstance:
  m_ObjectHideFlags: 0
  serializedVersion: 2
  m_Modification:
    m_TransformParent: {fileID: 1420922637337911161}
    m_Modifications:
    - target: {fileID: 4116627413283346390, guid: c5055a199086d4a46941e6bc2b3cb200,
        type: 3}
      propertyPath: m_RootOrder
      value: 6
      objectReference: {fileID: 0}
    - target: {fileID: 4116627413283346390, guid: c5055a199086d4a46941e6bc2b3cb200,
        type: 3}
      propertyPath: m_LocalPosition.x
      value: 2.48
      objectReference: {fileID: 0}
    - target: {fileID: 4116627413283346390, guid: c5055a199086d4a46941e6bc2b3cb200,
        type: 3}
      propertyPath: m_LocalPosition.y
      value: 3.52
      objectReference: {fileID: 0}
    - target: {fileID: 4116627413283346390, guid: c5055a199086d4a46941e6bc2b3cb200,
        type: 3}
      propertyPath: m_LocalPosition.z
      value: -0.01
      objectReference: {fileID: 0}
    - target: {fileID: 4116627413283346390, guid: c5055a199086d4a46941e6bc2b3cb200,
        type: 3}
      propertyPath: m_LocalRotation.w
      value: 1
      objectReference: {fileID: 0}
    - target: {fileID: 4116627413283346390, guid: c5055a199086d4a46941e6bc2b3cb200,
        type: 3}
      propertyPath: m_LocalRotation.x
      value: -0
      objectReference: {fileID: 0}
    - target: {fileID: 4116627413283346390, guid: c5055a199086d4a46941e6bc2b3cb200,
        type: 3}
      propertyPath: m_LocalRotation.y
      value: -0
      objectReference: {fileID: 0}
    - target: {fileID: 4116627413283346390, guid: c5055a199086d4a46941e6bc2b3cb200,
        type: 3}
      propertyPath: m_LocalRotation.z
      value: -0
      objectReference: {fileID: 0}
    - target: {fileID: 4116627413283346390, guid: c5055a199086d4a46941e6bc2b3cb200,
        type: 3}
      propertyPath: m_LocalEulerAnglesHint.x
      value: 0
      objectReference: {fileID: 0}
    - target: {fileID: 4116627413283346390, guid: c5055a199086d4a46941e6bc2b3cb200,
        type: 3}
      propertyPath: m_LocalEulerAnglesHint.y
      value: 0
      objectReference: {fileID: 0}
    - target: {fileID: 4116627413283346390, guid: c5055a199086d4a46941e6bc2b3cb200,
        type: 3}
      propertyPath: m_LocalEulerAnglesHint.z
      value: 0
      objectReference: {fileID: 0}
    - target: {fileID: 4116627413283346395, guid: c5055a199086d4a46941e6bc2b3cb200,
        type: 3}
      propertyPath: m_Name
      value: Gold Small (3)
      objectReference: {fileID: 0}
    - target: {fileID: 4116627413283346395, guid: c5055a199086d4a46941e6bc2b3cb200,
        type: 3}
      propertyPath: m_IsActive
      value: 1
      objectReference: {fileID: 0}
    m_RemovedComponents: []
  m_SourcePrefab: {fileID: 100100000, guid: c5055a199086d4a46941e6bc2b3cb200, type: 3}
--- !u!4 &6428543718884190998 stripped
Transform:
  m_CorrespondingSourceObject: {fileID: 4116627413283346390, guid: c5055a199086d4a46941e6bc2b3cb200,
    type: 3}
  m_PrefabInstance: {fileID: 6924271926618275008}
  m_PrefabAsset: {fileID: 0}
--- !u!1001 &6924271926737297068
PrefabInstance:
  m_ObjectHideFlags: 0
  serializedVersion: 2
  m_Modification:
    m_TransformParent: {fileID: 1420922637337911161}
    m_Modifications:
    - target: {fileID: 4116627413283346390, guid: c5055a199086d4a46941e6bc2b3cb200,
        type: 3}
      propertyPath: m_RootOrder
      value: 5
      objectReference: {fileID: 0}
    - target: {fileID: 4116627413283346390, guid: c5055a199086d4a46941e6bc2b3cb200,
        type: 3}
      propertyPath: m_LocalPosition.x
      value: 9.58
      objectReference: {fileID: 0}
    - target: {fileID: 4116627413283346390, guid: c5055a199086d4a46941e6bc2b3cb200,
        type: 3}
      propertyPath: m_LocalPosition.y
      value: 3.12
      objectReference: {fileID: 0}
    - target: {fileID: 4116627413283346390, guid: c5055a199086d4a46941e6bc2b3cb200,
        type: 3}
      propertyPath: m_LocalPosition.z
      value: -0.01
      objectReference: {fileID: 0}
    - target: {fileID: 4116627413283346390, guid: c5055a199086d4a46941e6bc2b3cb200,
        type: 3}
      propertyPath: m_LocalRotation.w
      value: 1
      objectReference: {fileID: 0}
    - target: {fileID: 4116627413283346390, guid: c5055a199086d4a46941e6bc2b3cb200,
        type: 3}
      propertyPath: m_LocalRotation.x
      value: -0
      objectReference: {fileID: 0}
    - target: {fileID: 4116627413283346390, guid: c5055a199086d4a46941e6bc2b3cb200,
        type: 3}
      propertyPath: m_LocalRotation.y
      value: -0
      objectReference: {fileID: 0}
    - target: {fileID: 4116627413283346390, guid: c5055a199086d4a46941e6bc2b3cb200,
        type: 3}
      propertyPath: m_LocalRotation.z
      value: -0
      objectReference: {fileID: 0}
    - target: {fileID: 4116627413283346390, guid: c5055a199086d4a46941e6bc2b3cb200,
        type: 3}
      propertyPath: m_LocalEulerAnglesHint.x
      value: 0
      objectReference: {fileID: 0}
    - target: {fileID: 4116627413283346390, guid: c5055a199086d4a46941e6bc2b3cb200,
        type: 3}
      propertyPath: m_LocalEulerAnglesHint.y
      value: 0
      objectReference: {fileID: 0}
    - target: {fileID: 4116627413283346390, guid: c5055a199086d4a46941e6bc2b3cb200,
        type: 3}
      propertyPath: m_LocalEulerAnglesHint.z
      value: 0
      objectReference: {fileID: 0}
    - target: {fileID: 4116627413283346395, guid: c5055a199086d4a46941e6bc2b3cb200,
        type: 3}
      propertyPath: m_Name
      value: Gold Small (2)
      objectReference: {fileID: 0}
    - target: {fileID: 4116627413283346395, guid: c5055a199086d4a46941e6bc2b3cb200,
        type: 3}
      propertyPath: m_IsActive
      value: 1
      objectReference: {fileID: 0}
    m_RemovedComponents: []
  m_SourcePrefab: {fileID: 100100000, guid: c5055a199086d4a46941e6bc2b3cb200, type: 3}
--- !u!4 &6428543718965463418 stripped
Transform:
  m_CorrespondingSourceObject: {fileID: 4116627413283346390, guid: c5055a199086d4a46941e6bc2b3cb200,
    type: 3}
  m_PrefabInstance: {fileID: 6924271926737297068}
  m_PrefabAsset: {fileID: 0}
--- !u!1001 &6924271927463998480
PrefabInstance:
  m_ObjectHideFlags: 0
  serializedVersion: 2
  m_Modification:
    m_TransformParent: {fileID: 1420922637337911161}
    m_Modifications:
    - target: {fileID: 2977712226111650403, guid: 088332f981ce5fe41ad2f639e8dc6330,
        type: 3}
      propertyPath: m_Name
      value: Stone Large (2)
      objectReference: {fileID: 0}
    - target: {fileID: 2977712226111650403, guid: 088332f981ce5fe41ad2f639e8dc6330,
        type: 3}
      propertyPath: m_IsActive
      value: 1
      objectReference: {fileID: 0}
    - target: {fileID: 2977712226111650414, guid: 088332f981ce5fe41ad2f639e8dc6330,
        type: 3}
      propertyPath: m_RootOrder
      value: 9
      objectReference: {fileID: 0}
    - target: {fileID: 2977712226111650414, guid: 088332f981ce5fe41ad2f639e8dc6330,
        type: 3}
      propertyPath: m_LocalPosition.x
      value: 6.7799997
      objectReference: {fileID: 0}
    - target: {fileID: 2977712226111650414, guid: 088332f981ce5fe41ad2f639e8dc6330,
        type: 3}
      propertyPath: m_LocalPosition.y
      value: 3.75
      objectReference: {fileID: 0}
    - target: {fileID: 2977712226111650414, guid: 088332f981ce5fe41ad2f639e8dc6330,
        type: 3}
      propertyPath: m_LocalPosition.z
      value: -0.01
      objectReference: {fileID: 0}
    - target: {fileID: 2977712226111650414, guid: 088332f981ce5fe41ad2f639e8dc6330,
        type: 3}
      propertyPath: m_LocalRotation.w
      value: 1
      objectReference: {fileID: 0}
    - target: {fileID: 2977712226111650414, guid: 088332f981ce5fe41ad2f639e8dc6330,
        type: 3}
      propertyPath: m_LocalRotation.x
      value: -0
      objectReference: {fileID: 0}
    - target: {fileID: 2977712226111650414, guid: 088332f981ce5fe41ad2f639e8dc6330,
        type: 3}
      propertyPath: m_LocalRotation.y
      value: -0
      objectReference: {fileID: 0}
    - target: {fileID: 2977712226111650414, guid: 088332f981ce5fe41ad2f639e8dc6330,
        type: 3}
      propertyPath: m_LocalRotation.z
      value: -0
      objectReference: {fileID: 0}
    - target: {fileID: 2977712226111650414, guid: 088332f981ce5fe41ad2f639e8dc6330,
        type: 3}
      propertyPath: m_LocalEulerAnglesHint.x
      value: 0
      objectReference: {fileID: 0}
    - target: {fileID: 2977712226111650414, guid: 088332f981ce5fe41ad2f639e8dc6330,
        type: 3}
      propertyPath: m_LocalEulerAnglesHint.y
      value: 0
      objectReference: {fileID: 0}
    - target: {fileID: 2977712226111650414, guid: 088332f981ce5fe41ad2f639e8dc6330,
        type: 3}
      propertyPath: m_LocalEulerAnglesHint.z
      value: 0
      objectReference: {fileID: 0}
    m_RemovedComponents: []
  m_SourcePrefab: {fileID: 100100000, guid: 088332f981ce5fe41ad2f639e8dc6330, type: 3}
--- !u!4 &5279628197800676990 stripped
Transform:
  m_CorrespondingSourceObject: {fileID: 2977712226111650414, guid: 088332f981ce5fe41ad2f639e8dc6330,
    type: 3}
  m_PrefabInstance: {fileID: 6924271927463998480}
  m_PrefabAsset: {fileID: 0}
--- !u!1001 &6924271927521444382
PrefabInstance:
  m_ObjectHideFlags: 0
  serializedVersion: 2
  m_Modification:
    m_TransformParent: {fileID: 1420922637337911161}
    m_Modifications:
    - target: {fileID: 4116627413283346390, guid: c5055a199086d4a46941e6bc2b3cb200,
        type: 3}
      propertyPath: m_RootOrder
      value: 7
      objectReference: {fileID: 0}
    - target: {fileID: 4116627413283346390, guid: c5055a199086d4a46941e6bc2b3cb200,
        type: 3}
      propertyPath: m_LocalPosition.x
      value: 10.07
      objectReference: {fileID: 0}
    - target: {fileID: 4116627413283346390, guid: c5055a199086d4a46941e6bc2b3cb200,
        type: 3}
      propertyPath: m_LocalPosition.y
      value: 4.81
      objectReference: {fileID: 0}
    - target: {fileID: 4116627413283346390, guid: c5055a199086d4a46941e6bc2b3cb200,
        type: 3}
      propertyPath: m_LocalPosition.z
      value: -0.01
      objectReference: {fileID: 0}
    - target: {fileID: 4116627413283346390, guid: c5055a199086d4a46941e6bc2b3cb200,
        type: 3}
      propertyPath: m_LocalRotation.w
      value: 0.7966882
      objectReference: {fileID: 0}
    - target: {fileID: 4116627413283346390, guid: c5055a199086d4a46941e6bc2b3cb200,
        type: 3}
      propertyPath: m_LocalRotation.x
      value: 0
      objectReference: {fileID: 0}
    - target: {fileID: 4116627413283346390, guid: c5055a199086d4a46941e6bc2b3cb200,
        type: 3}
      propertyPath: m_LocalRotation.y
      value: 0
      objectReference: {fileID: 0}
    - target: {fileID: 4116627413283346390, guid: c5055a199086d4a46941e6bc2b3cb200,
        type: 3}
      propertyPath: m_LocalRotation.z
      value: -0.60439056
      objectReference: {fileID: 0}
    - target: {fileID: 4116627413283346390, guid: c5055a199086d4a46941e6bc2b3cb200,
        type: 3}
      propertyPath: m_LocalEulerAnglesHint.x
      value: 0
      objectReference: {fileID: 0}
    - target: {fileID: 4116627413283346390, guid: c5055a199086d4a46941e6bc2b3cb200,
        type: 3}
      propertyPath: m_LocalEulerAnglesHint.y
      value: 0
      objectReference: {fileID: 0}
    - target: {fileID: 4116627413283346390, guid: c5055a199086d4a46941e6bc2b3cb200,
        type: 3}
      propertyPath: m_LocalEulerAnglesHint.z
      value: -74.37
      objectReference: {fileID: 0}
    - target: {fileID: 4116627413283346395, guid: c5055a199086d4a46941e6bc2b3cb200,
        type: 3}
      propertyPath: m_Name
      value: Gold Small (4)
      objectReference: {fileID: 0}
    - target: {fileID: 4116627413283346395, guid: c5055a199086d4a46941e6bc2b3cb200,
        type: 3}
      propertyPath: m_IsActive
      value: 1
      objectReference: {fileID: 0}
    m_RemovedComponents: []
  m_SourcePrefab: {fileID: 100100000, guid: c5055a199086d4a46941e6bc2b3cb200, type: 3}
--- !u!4 &6428543719255021000 stripped
Transform:
  m_CorrespondingSourceObject: {fileID: 4116627413283346390, guid: c5055a199086d4a46941e6bc2b3cb200,
    type: 3}
  m_PrefabInstance: {fileID: 6924271927521444382}
  m_PrefabAsset: {fileID: 0}
--- !u!1001 &6924271927530451920
PrefabInstance:
  m_ObjectHideFlags: 0
  serializedVersion: 2
  m_Modification:
    m_TransformParent: {fileID: 1420922637337911161}
    m_Modifications:
    - target: {fileID: 5873108958089362771, guid: 8b4042989510ac44592403deddfcc6ab,
        type: 3}
      propertyPath: m_RootOrder
      value: 1
      objectReference: {fileID: 0}
    - target: {fileID: 5873108958089362771, guid: 8b4042989510ac44592403deddfcc6ab,
        type: 3}
      propertyPath: m_LocalPosition.x
      value: 1.1199999
      objectReference: {fileID: 0}
    - target: {fileID: 5873108958089362771, guid: 8b4042989510ac44592403deddfcc6ab,
        type: 3}
      propertyPath: m_LocalPosition.y
      value: 0.63999987
      objectReference: {fileID: 0}
    - target: {fileID: 5873108958089362771, guid: 8b4042989510ac44592403deddfcc6ab,
        type: 3}
      propertyPath: m_LocalPosition.z
      value: -0.01
      objectReference: {fileID: 0}
    - target: {fileID: 5873108958089362771, guid: 8b4042989510ac44592403deddfcc6ab,
        type: 3}
      propertyPath: m_LocalRotation.w
      value: 1
      objectReference: {fileID: 0}
    - target: {fileID: 5873108958089362771, guid: 8b4042989510ac44592403deddfcc6ab,
        type: 3}
      propertyPath: m_LocalRotation.x
      value: -0
      objectReference: {fileID: 0}
    - target: {fileID: 5873108958089362771, guid: 8b4042989510ac44592403deddfcc6ab,
        type: 3}
      propertyPath: m_LocalRotation.y
      value: -0
      objectReference: {fileID: 0}
    - target: {fileID: 5873108958089362771, guid: 8b4042989510ac44592403deddfcc6ab,
        type: 3}
      propertyPath: m_LocalRotation.z
      value: -0
      objectReference: {fileID: 0}
    - target: {fileID: 5873108958089362771, guid: 8b4042989510ac44592403deddfcc6ab,
        type: 3}
      propertyPath: m_LocalEulerAnglesHint.x
      value: 0
      objectReference: {fileID: 0}
    - target: {fileID: 5873108958089362771, guid: 8b4042989510ac44592403deddfcc6ab,
        type: 3}
      propertyPath: m_LocalEulerAnglesHint.y
      value: 0
      objectReference: {fileID: 0}
    - target: {fileID: 5873108958089362771, guid: 8b4042989510ac44592403deddfcc6ab,
        type: 3}
      propertyPath: m_LocalEulerAnglesHint.z
      value: 0
      objectReference: {fileID: 0}
    - target: {fileID: 5873108958089362782, guid: 8b4042989510ac44592403deddfcc6ab,
        type: 3}
      propertyPath: m_Name
      value: Stone Medium (2)
      objectReference: {fileID: 0}
    - target: {fileID: 5873108958089362782, guid: 8b4042989510ac44592403deddfcc6ab,
        type: 3}
      propertyPath: m_IsActive
      value: 1
      objectReference: {fileID: 0}
    m_RemovedComponents: []
  m_SourcePrefab: {fileID: 100100000, guid: 8b4042989510ac44592403deddfcc6ab, type: 3}
--- !u!4 &3573199327423483523 stripped
Transform:
  m_CorrespondingSourceObject: {fileID: 5873108958089362771, guid: 8b4042989510ac44592403deddfcc6ab,
    type: 3}
  m_PrefabInstance: {fileID: 6924271927530451920}
  m_PrefabAsset: {fileID: 0}
--- !u!1001 &6924271927623904061
PrefabInstance:
  m_ObjectHideFlags: 0
  serializedVersion: 2
  m_Modification:
    m_TransformParent: {fileID: 1420922637337911161}
    m_Modifications:
    - target: {fileID: 4213247520254764433, guid: 61e1f835841bbb54ba602c6bd1651834,
        type: 3}
      propertyPath: m_RootOrder
      value: 18
      objectReference: {fileID: 0}
    - target: {fileID: 4213247520254764433, guid: 61e1f835841bbb54ba602c6bd1651834,
        type: 3}
      propertyPath: m_LocalPosition.x
      value: 4.4799995
      objectReference: {fileID: 0}
    - target: {fileID: 4213247520254764433, guid: 61e1f835841bbb54ba602c6bd1651834,
        type: 3}
      propertyPath: m_LocalPosition.y
      value: 2.2199998
      objectReference: {fileID: 0}
    - target: {fileID: 4213247520254764433, guid: 61e1f835841bbb54ba602c6bd1651834,
        type: 3}
      propertyPath: m_LocalPosition.z
      value: -0.01
      objectReference: {fileID: 0}
    - target: {fileID: 4213247520254764433, guid: 61e1f835841bbb54ba602c6bd1651834,
        type: 3}
      propertyPath: m_LocalRotation.w
      value: 1
      objectReference: {fileID: 0}
    - target: {fileID: 4213247520254764433, guid: 61e1f835841bbb54ba602c6bd1651834,
        type: 3}
      propertyPath: m_LocalRotation.x
      value: 0
      objectReference: {fileID: 0}
    - target: {fileID: 4213247520254764433, guid: 61e1f835841bbb54ba602c6bd1651834,
        type: 3}
      propertyPath: m_LocalRotation.y
      value: 0
      objectReference: {fileID: 0}
    - target: {fileID: 4213247520254764433, guid: 61e1f835841bbb54ba602c6bd1651834,
        type: 3}
      propertyPath: m_LocalRotation.z
      value: 0
      objectReference: {fileID: 0}
    - target: {fileID: 4213247520254764433, guid: 61e1f835841bbb54ba602c6bd1651834,
        type: 3}
      propertyPath: m_LocalEulerAnglesHint.x
      value: 0
      objectReference: {fileID: 0}
    - target: {fileID: 4213247520254764433, guid: 61e1f835841bbb54ba602c6bd1651834,
        type: 3}
      propertyPath: m_LocalEulerAnglesHint.y
      value: 0
      objectReference: {fileID: 0}
    - target: {fileID: 4213247520254764433, guid: 61e1f835841bbb54ba602c6bd1651834,
        type: 3}
      propertyPath: m_LocalEulerAnglesHint.z
      value: 0
      objectReference: {fileID: 0}
    - target: {fileID: 4213247520254764444, guid: 61e1f835841bbb54ba602c6bd1651834,
        type: 3}
      propertyPath: m_Name
      value: Gold Large
      objectReference: {fileID: 0}
    m_RemovedComponents: []
  m_SourcePrefab: {fileID: 100100000, guid: 61e1f835841bbb54ba602c6bd1651834, type: 3}
--- !u!4 &6516571143429672620 stripped
Transform:
  m_CorrespondingSourceObject: {fileID: 4213247520254764433, guid: 61e1f835841bbb54ba602c6bd1651834,
    type: 3}
  m_PrefabInstance: {fileID: 6924271927623904061}
  m_PrefabAsset: {fileID: 0}
--- !u!1001 &6924271927650729729
PrefabInstance:
  m_ObjectHideFlags: 0
  serializedVersion: 2
  m_Modification:
    m_TransformParent: {fileID: 1420922637337911161}
    m_Modifications:
    - target: {fileID: 5873108958089362771, guid: 8b4042989510ac44592403deddfcc6ab,
        type: 3}
      propertyPath: m_RootOrder
      value: 2
      objectReference: {fileID: 0}
    - target: {fileID: 5873108958089362771, guid: 8b4042989510ac44592403deddfcc6ab,
        type: 3}
      propertyPath: m_LocalPosition.x
      value: 4.72
      objectReference: {fileID: 0}
    - target: {fileID: 5873108958089362771, guid: 8b4042989510ac44592403deddfcc6ab,
        type: 3}
      propertyPath: m_LocalPosition.y
      value: 0.64
      objectReference: {fileID: 0}
    - target: {fileID: 5873108958089362771, guid: 8b4042989510ac44592403deddfcc6ab,
        type: 3}
      propertyPath: m_LocalPosition.z
      value: -0.01
      objectReference: {fileID: 0}
    - target: {fileID: 5873108958089362771, guid: 8b4042989510ac44592403deddfcc6ab,
        type: 3}
      propertyPath: m_LocalRotation.w
      value: 1
      objectReference: {fileID: 0}
    - target: {fileID: 5873108958089362771, guid: 8b4042989510ac44592403deddfcc6ab,
        type: 3}
      propertyPath: m_LocalRotation.x
      value: -0
      objectReference: {fileID: 0}
    - target: {fileID: 5873108958089362771, guid: 8b4042989510ac44592403deddfcc6ab,
        type: 3}
      propertyPath: m_LocalRotation.y
      value: -0
      objectReference: {fileID: 0}
    - target: {fileID: 5873108958089362771, guid: 8b4042989510ac44592403deddfcc6ab,
        type: 3}
      propertyPath: m_LocalRotation.z
      value: -0
      objectReference: {fileID: 0}
    - target: {fileID: 5873108958089362771, guid: 8b4042989510ac44592403deddfcc6ab,
        type: 3}
      propertyPath: m_LocalEulerAnglesHint.x
      value: 0
      objectReference: {fileID: 0}
    - target: {fileID: 5873108958089362771, guid: 8b4042989510ac44592403deddfcc6ab,
        type: 3}
      propertyPath: m_LocalEulerAnglesHint.y
      value: 0
      objectReference: {fileID: 0}
    - target: {fileID: 5873108958089362771, guid: 8b4042989510ac44592403deddfcc6ab,
        type: 3}
      propertyPath: m_LocalEulerAnglesHint.z
      value: 0
      objectReference: {fileID: 0}
    - target: {fileID: 5873108958089362782, guid: 8b4042989510ac44592403deddfcc6ab,
        type: 3}
      propertyPath: m_Name
      value: Stone Medium (3)
      objectReference: {fileID: 0}
    - target: {fileID: 5873108958089362782, guid: 8b4042989510ac44592403deddfcc6ab,
        type: 3}
      propertyPath: m_IsActive
      value: 1
      objectReference: {fileID: 0}
    m_RemovedComponents: []
  m_SourcePrefab: {fileID: 100100000, guid: 8b4042989510ac44592403deddfcc6ab, type: 3}
--- !u!4 &3573199327339741778 stripped
Transform:
  m_CorrespondingSourceObject: {fileID: 5873108958089362771, guid: 8b4042989510ac44592403deddfcc6ab,
    type: 3}
  m_PrefabInstance: {fileID: 6924271927650729729}
  m_PrefabAsset: {fileID: 0}
--- !u!1001 &6924271927751441946
PrefabInstance:
  m_ObjectHideFlags: 0
  serializedVersion: 2
  m_Modification:
    m_TransformParent: {fileID: 1420922637337911161}
    m_Modifications:
    - target: {fileID: 7152995425394960164, guid: ee3a29fcbd218a642a0d142d6318360d,
        type: 3}
      propertyPath: m_Name
      value: Diamond Small (2)
      objectReference: {fileID: 0}
    - target: {fileID: 7152995425394960175, guid: ee3a29fcbd218a642a0d142d6318360d,
        type: 3}
      propertyPath: m_RootOrder
      value: 12
      objectReference: {fileID: 0}
    - target: {fileID: 7152995425394960175, guid: ee3a29fcbd218a642a0d142d6318360d,
        type: 3}
      propertyPath: m_LocalPosition.x
      value: 4.16
      objectReference: {fileID: 0}
    - target: {fileID: 7152995425394960175, guid: ee3a29fcbd218a642a0d142d6318360d,
        type: 3}
      propertyPath: m_LocalPosition.y
      value: -0.78999996
      objectReference: {fileID: 0}
    - target: {fileID: 7152995425394960175, guid: ee3a29fcbd218a642a0d142d6318360d,
        type: 3}
      propertyPath: m_LocalPosition.z
      value: -0.01
      objectReference: {fileID: 0}
    - target: {fileID: 7152995425394960175, guid: ee3a29fcbd218a642a0d142d6318360d,
        type: 3}
      propertyPath: m_LocalRotation.w
      value: 1
      objectReference: {fileID: 0}
    - target: {fileID: 7152995425394960175, guid: ee3a29fcbd218a642a0d142d6318360d,
        type: 3}
      propertyPath: m_LocalRotation.x
      value: -0
      objectReference: {fileID: 0}
    - target: {fileID: 7152995425394960175, guid: ee3a29fcbd218a642a0d142d6318360d,
        type: 3}
      propertyPath: m_LocalRotation.y
      value: -0
      objectReference: {fileID: 0}
    - target: {fileID: 7152995425394960175, guid: ee3a29fcbd218a642a0d142d6318360d,
        type: 3}
      propertyPath: m_LocalRotation.z
      value: -0
      objectReference: {fileID: 0}
    - target: {fileID: 7152995425394960175, guid: ee3a29fcbd218a642a0d142d6318360d,
        type: 3}
      propertyPath: m_LocalEulerAnglesHint.x
      value: 0
      objectReference: {fileID: 0}
    - target: {fileID: 7152995425394960175, guid: ee3a29fcbd218a642a0d142d6318360d,
        type: 3}
      propertyPath: m_LocalEulerAnglesHint.y
      value: 0
      objectReference: {fileID: 0}
    - target: {fileID: 7152995425394960175, guid: ee3a29fcbd218a642a0d142d6318360d,
        type: 3}
      propertyPath: m_LocalEulerAnglesHint.z
      value: 0
      objectReference: {fileID: 0}
    m_RemovedComponents: []
  m_SourcePrefab: {fileID: 100100000, guid: ee3a29fcbd218a642a0d142d6318360d, type: 3}
--- !u!4 &239675741736556853 stripped
Transform:
  m_CorrespondingSourceObject: {fileID: 7152995425394960175, guid: ee3a29fcbd218a642a0d142d6318360d,
    type: 3}
  m_PrefabInstance: {fileID: 6924271927751441946}
  m_PrefabAsset: {fileID: 0}
--- !u!1001 &6924271927795402015
PrefabInstance:
  m_ObjectHideFlags: 0
  serializedVersion: 2
  m_Modification:
    m_TransformParent: {fileID: 1420922637337911161}
    m_Modifications:
    - target: {fileID: 929992641055090229, guid: 203d77f8f3728cc4bbad9da590b91673,
        type: 3}
      propertyPath: m_RootOrder
      value: 15
      objectReference: {fileID: 0}
    - target: {fileID: 929992641055090229, guid: 203d77f8f3728cc4bbad9da590b91673,
        type: 3}
      propertyPath: m_LocalPosition.x
      value: -4.62
      objectReference: {fileID: 0}
    - target: {fileID: 929992641055090229, guid: 203d77f8f3728cc4bbad9da590b91673,
        type: 3}
      propertyPath: m_LocalPosition.y
      value: -2.08
      objectReference: {fileID: 0}
    - target: {fileID: 929992641055090229, guid: 203d77f8f3728cc4bbad9da590b91673,
        type: 3}
      propertyPath: m_LocalPosition.z
      value: -0.01
      objectReference: {fileID: 0}
    - target: {fileID: 929992641055090229, guid: 203d77f8f3728cc4bbad9da590b91673,
        type: 3}
      propertyPath: m_LocalRotation.w
      value: 1
      objectReference: {fileID: 0}
    - target: {fileID: 929992641055090229, guid: 203d77f8f3728cc4bbad9da590b91673,
        type: 3}
      propertyPath: m_LocalRotation.x
      value: 0
      objectReference: {fileID: 0}
    - target: {fileID: 929992641055090229, guid: 203d77f8f3728cc4bbad9da590b91673,
        type: 3}
      propertyPath: m_LocalRotation.y
      value: 0
      objectReference: {fileID: 0}
    - target: {fileID: 929992641055090229, guid: 203d77f8f3728cc4bbad9da590b91673,
        type: 3}
      propertyPath: m_LocalRotation.z
      value: 0
      objectReference: {fileID: 0}
    - target: {fileID: 929992641055090229, guid: 203d77f8f3728cc4bbad9da590b91673,
        type: 3}
      propertyPath: m_LocalEulerAnglesHint.x
      value: 0
      objectReference: {fileID: 0}
    - target: {fileID: 929992641055090229, guid: 203d77f8f3728cc4bbad9da590b91673,
        type: 3}
      propertyPath: m_LocalEulerAnglesHint.y
      value: 0
      objectReference: {fileID: 0}
    - target: {fileID: 929992641055090229, guid: 203d77f8f3728cc4bbad9da590b91673,
        type: 3}
      propertyPath: m_LocalEulerAnglesHint.z
      value: 0
      objectReference: {fileID: 0}
    - target: {fileID: 929992641055090232, guid: 203d77f8f3728cc4bbad9da590b91673,
        type: 3}
      propertyPath: m_Name
      value: Gold Medium (3)
      objectReference: {fileID: 0}
    - target: {fileID: 929992641055090232, guid: 203d77f8f3728cc4bbad9da590b91673,
        type: 3}
      propertyPath: m_IsActive
      value: 1
      objectReference: {fileID: 0}
    m_RemovedComponents: []
  m_SourcePrefab: {fileID: 100100000, guid: 203d77f8f3728cc4bbad9da590b91673, type: 3}
--- !u!4 &7849787074023826218 stripped
Transform:
  m_CorrespondingSourceObject: {fileID: 929992641055090229, guid: 203d77f8f3728cc4bbad9da590b91673,
    type: 3}
  m_PrefabInstance: {fileID: 6924271927795402015}
  m_PrefabAsset: {fileID: 0}
--- !u!1001 &6924271927805667442
PrefabInstance:
  m_ObjectHideFlags: 0
  serializedVersion: 2
  m_Modification:
    m_TransformParent: {fileID: 1420922637337911161}
    m_Modifications:
    - target: {fileID: 5873108958089362771, guid: 8b4042989510ac44592403deddfcc6ab,
        type: 3}
      propertyPath: m_RootOrder
      value: 3
      objectReference: {fileID: 0}
    - target: {fileID: 5873108958089362771, guid: 8b4042989510ac44592403deddfcc6ab,
        type: 3}
      propertyPath: m_LocalPosition.x
      value: 13.12
      objectReference: {fileID: 0}
    - target: {fileID: 5873108958089362771, guid: 8b4042989510ac44592403deddfcc6ab,
        type: 3}
      propertyPath: m_LocalPosition.y
      value: -0.36
      objectReference: {fileID: 0}
    - target: {fileID: 5873108958089362771, guid: 8b4042989510ac44592403deddfcc6ab,
        type: 3}
      propertyPath: m_LocalPosition.z
      value: -0.01
      objectReference: {fileID: 0}
    - target: {fileID: 5873108958089362771, guid: 8b4042989510ac44592403deddfcc6ab,
        type: 3}
      propertyPath: m_LocalRotation.w
      value: 1
      objectReference: {fileID: 0}
    - target: {fileID: 5873108958089362771, guid: 8b4042989510ac44592403deddfcc6ab,
        type: 3}
      propertyPath: m_LocalRotation.x
      value: -0
      objectReference: {fileID: 0}
    - target: {fileID: 5873108958089362771, guid: 8b4042989510ac44592403deddfcc6ab,
        type: 3}
      propertyPath: m_LocalRotation.y
      value: -0
      objectReference: {fileID: 0}
    - target: {fileID: 5873108958089362771, guid: 8b4042989510ac44592403deddfcc6ab,
        type: 3}
      propertyPath: m_LocalRotation.z
      value: -0
      objectReference: {fileID: 0}
    - target: {fileID: 5873108958089362771, guid: 8b4042989510ac44592403deddfcc6ab,
        type: 3}
      propertyPath: m_LocalEulerAnglesHint.x
      value: 0
      objectReference: {fileID: 0}
    - target: {fileID: 5873108958089362771, guid: 8b4042989510ac44592403deddfcc6ab,
        type: 3}
      propertyPath: m_LocalEulerAnglesHint.y
      value: 0
      objectReference: {fileID: 0}
    - target: {fileID: 5873108958089362771, guid: 8b4042989510ac44592403deddfcc6ab,
        type: 3}
      propertyPath: m_LocalEulerAnglesHint.z
      value: 0
      objectReference: {fileID: 0}
    - target: {fileID: 5873108958089362782, guid: 8b4042989510ac44592403deddfcc6ab,
        type: 3}
      propertyPath: m_Name
      value: Stone Medium (4)
      objectReference: {fileID: 0}
    - target: {fileID: 5873108958089362782, guid: 8b4042989510ac44592403deddfcc6ab,
        type: 3}
      propertyPath: m_IsActive
      value: 1
      objectReference: {fileID: 0}
    m_RemovedComponents: []
  m_SourcePrefab: {fileID: 100100000, guid: 8b4042989510ac44592403deddfcc6ab, type: 3}
--- !u!4 &3573199327159670049 stripped
Transform:
  m_CorrespondingSourceObject: {fileID: 5873108958089362771, guid: 8b4042989510ac44592403deddfcc6ab,
    type: 3}
  m_PrefabInstance: {fileID: 6924271927805667442}
  m_PrefabAsset: {fileID: 0}
--- !u!1001 &6924271927990964321
PrefabInstance:
  m_ObjectHideFlags: 0
  serializedVersion: 2
  m_Modification:
    m_TransformParent: {fileID: 1420922637337911161}
    m_Modifications:
    - target: {fileID: 4213247520254764433, guid: 61e1f835841bbb54ba602c6bd1651834,
        type: 3}
      propertyPath: m_RootOrder
      value: 19
      objectReference: {fileID: 0}
    - target: {fileID: 4213247520254764433, guid: 61e1f835841bbb54ba602c6bd1651834,
        type: 3}
      propertyPath: m_LocalPosition.x
      value: 10.88
      objectReference: {fileID: 0}
    - target: {fileID: 4213247520254764433, guid: 61e1f835841bbb54ba602c6bd1651834,
        type: 3}
      propertyPath: m_LocalPosition.y
      value: 1.4200001
      objectReference: {fileID: 0}
    - target: {fileID: 4213247520254764433, guid: 61e1f835841bbb54ba602c6bd1651834,
        type: 3}
      propertyPath: m_LocalPosition.z
      value: -0.01
      objectReference: {fileID: 0}
    - target: {fileID: 4213247520254764433, guid: 61e1f835841bbb54ba602c6bd1651834,
        type: 3}
      propertyPath: m_LocalRotation.w
      value: 1
      objectReference: {fileID: 0}
    - target: {fileID: 4213247520254764433, guid: 61e1f835841bbb54ba602c6bd1651834,
        type: 3}
      propertyPath: m_LocalRotation.x
      value: 0
      objectReference: {fileID: 0}
    - target: {fileID: 4213247520254764433, guid: 61e1f835841bbb54ba602c6bd1651834,
        type: 3}
      propertyPath: m_LocalRotation.y
      value: 0
      objectReference: {fileID: 0}
    - target: {fileID: 4213247520254764433, guid: 61e1f835841bbb54ba602c6bd1651834,
        type: 3}
      propertyPath: m_LocalRotation.z
      value: 0
      objectReference: {fileID: 0}
    - target: {fileID: 4213247520254764433, guid: 61e1f835841bbb54ba602c6bd1651834,
        type: 3}
      propertyPath: m_LocalEulerAnglesHint.x
      value: 0
      objectReference: {fileID: 0}
    - target: {fileID: 4213247520254764433, guid: 61e1f835841bbb54ba602c6bd1651834,
        type: 3}
      propertyPath: m_LocalEulerAnglesHint.y
      value: 0
      objectReference: {fileID: 0}
    - target: {fileID: 4213247520254764433, guid: 61e1f835841bbb54ba602c6bd1651834,
        type: 3}
      propertyPath: m_LocalEulerAnglesHint.z
      value: 0
      objectReference: {fileID: 0}
    - target: {fileID: 4213247520254764444, guid: 61e1f835841bbb54ba602c6bd1651834,
        type: 3}
      propertyPath: m_Name
      value: Gold Large (1)
      objectReference: {fileID: 0}
    m_RemovedComponents: []
  m_SourcePrefab: {fileID: 100100000, guid: 61e1f835841bbb54ba602c6bd1651834, type: 3}
--- !u!4 &6516571143863334384 stripped
Transform:
  m_CorrespondingSourceObject: {fileID: 4213247520254764433, guid: 61e1f835841bbb54ba602c6bd1651834,
    type: 3}
  m_PrefabInstance: {fileID: 6924271927990964321}
  m_PrefabAsset: {fileID: 0}
--- !u!1001 &6924271928054362902
PrefabInstance:
  m_ObjectHideFlags: 0
  serializedVersion: 2
  m_Modification:
    m_TransformParent: {fileID: 1420922637337911161}
    m_Modifications:
    - target: {fileID: 5873108958089362771, guid: 8b4042989510ac44592403deddfcc6ab,
        type: 3}
      propertyPath: m_RootOrder
      value: 17
      objectReference: {fileID: 0}
    - target: {fileID: 5873108958089362771, guid: 8b4042989510ac44592403deddfcc6ab,
        type: 3}
      propertyPath: m_LocalPosition.x
      value: 5.88
      objectReference: {fileID: 0}
    - target: {fileID: 5873108958089362771, guid: 8b4042989510ac44592403deddfcc6ab,
        type: 3}
      propertyPath: m_LocalPosition.y
      value: -1.58
      objectReference: {fileID: 0}
    - target: {fileID: 5873108958089362771, guid: 8b4042989510ac44592403deddfcc6ab,
        type: 3}
      propertyPath: m_LocalPosition.z
      value: -0.01
      objectReference: {fileID: 0}
    - target: {fileID: 5873108958089362771, guid: 8b4042989510ac44592403deddfcc6ab,
        type: 3}
      propertyPath: m_LocalRotation.w
      value: 1
      objectReference: {fileID: 0}
    - target: {fileID: 5873108958089362771, guid: 8b4042989510ac44592403deddfcc6ab,
        type: 3}
      propertyPath: m_LocalRotation.x
      value: 0
      objectReference: {fileID: 0}
    - target: {fileID: 5873108958089362771, guid: 8b4042989510ac44592403deddfcc6ab,
        type: 3}
      propertyPath: m_LocalRotation.y
      value: 0
      objectReference: {fileID: 0}
    - target: {fileID: 5873108958089362771, guid: 8b4042989510ac44592403deddfcc6ab,
        type: 3}
      propertyPath: m_LocalRotation.z
      value: 0
      objectReference: {fileID: 0}
    - target: {fileID: 5873108958089362771, guid: 8b4042989510ac44592403deddfcc6ab,
        type: 3}
      propertyPath: m_LocalEulerAnglesHint.x
      value: 0
      objectReference: {fileID: 0}
    - target: {fileID: 5873108958089362771, guid: 8b4042989510ac44592403deddfcc6ab,
        type: 3}
      propertyPath: m_LocalEulerAnglesHint.y
      value: 0
      objectReference: {fileID: 0}
    - target: {fileID: 5873108958089362771, guid: 8b4042989510ac44592403deddfcc6ab,
        type: 3}
      propertyPath: m_LocalEulerAnglesHint.z
      value: 0
      objectReference: {fileID: 0}
    - target: {fileID: 5873108958089362782, guid: 8b4042989510ac44592403deddfcc6ab,
        type: 3}
      propertyPath: m_Name
      value: Stone Medium
      objectReference: {fileID: 0}
    m_RemovedComponents: []
  m_SourcePrefab: {fileID: 100100000, guid: 8b4042989510ac44592403deddfcc6ab, type: 3}
--- !u!4 &3573199326672260677 stripped
Transform:
  m_CorrespondingSourceObject: {fileID: 5873108958089362771, guid: 8b4042989510ac44592403deddfcc6ab,
    type: 3}
  m_PrefabInstance: {fileID: 6924271928054362902}
  m_PrefabAsset: {fileID: 0}
--- !u!1001 &6924271928222862207
PrefabInstance:
  m_ObjectHideFlags: 0
  serializedVersion: 2
  m_Modification:
    m_TransformParent: {fileID: 1420922637337911161}
    m_Modifications:
    - target: {fileID: 7152995425394960164, guid: ee3a29fcbd218a642a0d142d6318360d,
        type: 3}
      propertyPath: m_Name
      value: Diamond Small (1)
      objectReference: {fileID: 0}
    - target: {fileID: 7152995425394960175, guid: ee3a29fcbd218a642a0d142d6318360d,
        type: 3}
      propertyPath: m_RootOrder
      value: 11
      objectReference: {fileID: 0}
    - target: {fileID: 7152995425394960175, guid: ee3a29fcbd218a642a0d142d6318360d,
        type: 3}
      propertyPath: m_LocalPosition.x
      value: -0.0200001
      objectReference: {fileID: 0}
    - target: {fileID: 7152995425394960175, guid: ee3a29fcbd218a642a0d142d6318360d,
        type: 3}
      propertyPath: m_LocalPosition.y
      value: -1.25
      objectReference: {fileID: 0}
    - target: {fileID: 7152995425394960175, guid: ee3a29fcbd218a642a0d142d6318360d,
        type: 3}
      propertyPath: m_LocalPosition.z
      value: -0.01
      objectReference: {fileID: 0}
    - target: {fileID: 7152995425394960175, guid: ee3a29fcbd218a642a0d142d6318360d,
        type: 3}
      propertyPath: m_LocalRotation.w
      value: 1
      objectReference: {fileID: 0}
    - target: {fileID: 7152995425394960175, guid: ee3a29fcbd218a642a0d142d6318360d,
        type: 3}
      propertyPath: m_LocalRotation.x
      value: -0
      objectReference: {fileID: 0}
    - target: {fileID: 7152995425394960175, guid: ee3a29fcbd218a642a0d142d6318360d,
        type: 3}
      propertyPath: m_LocalRotation.y
      value: -0
      objectReference: {fileID: 0}
    - target: {fileID: 7152995425394960175, guid: ee3a29fcbd218a642a0d142d6318360d,
        type: 3}
      propertyPath: m_LocalRotation.z
      value: -0
      objectReference: {fileID: 0}
    - target: {fileID: 7152995425394960175, guid: ee3a29fcbd218a642a0d142d6318360d,
        type: 3}
      propertyPath: m_LocalEulerAnglesHint.x
      value: 0
      objectReference: {fileID: 0}
    - target: {fileID: 7152995425394960175, guid: ee3a29fcbd218a642a0d142d6318360d,
        type: 3}
      propertyPath: m_LocalEulerAnglesHint.y
      value: 0
      objectReference: {fileID: 0}
    - target: {fileID: 7152995425394960175, guid: ee3a29fcbd218a642a0d142d6318360d,
        type: 3}
      propertyPath: m_LocalEulerAnglesHint.z
      value: 0
      objectReference: {fileID: 0}
    m_RemovedComponents: []
  m_SourcePrefab: {fileID: 100100000, guid: ee3a29fcbd218a642a0d142d6318360d, type: 3}
--- !u!4 &239675741129141328 stripped
Transform:
  m_CorrespondingSourceObject: {fileID: 7152995425394960175, guid: ee3a29fcbd218a642a0d142d6318360d,
    type: 3}
  m_PrefabInstance: {fileID: 6924271928222862207}
  m_PrefabAsset: {fileID: 0}
--- !u!1001 &6924271928437682285
PrefabInstance:
  m_ObjectHideFlags: 0
  serializedVersion: 2
  m_Modification:
    m_TransformParent: {fileID: 1420922637337911161}
    m_Modifications:
    - target: {fileID: 929992641055090229, guid: 203d77f8f3728cc4bbad9da590b91673,
        type: 3}
      propertyPath: m_RootOrder
      value: 16
      objectReference: {fileID: 0}
    - target: {fileID: 929992641055090229, guid: 203d77f8f3728cc4bbad9da590b91673,
        type: 3}
      propertyPath: m_LocalPosition.x
      value: -4.62
      objectReference: {fileID: 0}
    - target: {fileID: 929992641055090229, guid: 203d77f8f3728cc4bbad9da590b91673,
        type: 3}
      propertyPath: m_LocalPosition.y
      value: -2.08
      objectReference: {fileID: 0}
    - target: {fileID: 929992641055090229, guid: 203d77f8f3728cc4bbad9da590b91673,
        type: 3}
      propertyPath: m_LocalPosition.z
      value: -0.01
      objectReference: {fileID: 0}
    - target: {fileID: 929992641055090229, guid: 203d77f8f3728cc4bbad9da590b91673,
        type: 3}
      propertyPath: m_LocalRotation.w
      value: 1
      objectReference: {fileID: 0}
    - target: {fileID: 929992641055090229, guid: 203d77f8f3728cc4bbad9da590b91673,
        type: 3}
      propertyPath: m_LocalRotation.x
      value: 0
      objectReference: {fileID: 0}
    - target: {fileID: 929992641055090229, guid: 203d77f8f3728cc4bbad9da590b91673,
        type: 3}
      propertyPath: m_LocalRotation.y
      value: 0
      objectReference: {fileID: 0}
    - target: {fileID: 929992641055090229, guid: 203d77f8f3728cc4bbad9da590b91673,
        type: 3}
      propertyPath: m_LocalRotation.z
      value: 0
      objectReference: {fileID: 0}
    - target: {fileID: 929992641055090229, guid: 203d77f8f3728cc4bbad9da590b91673,
        type: 3}
      propertyPath: m_LocalEulerAnglesHint.x
      value: 0
      objectReference: {fileID: 0}
    - target: {fileID: 929992641055090229, guid: 203d77f8f3728cc4bbad9da590b91673,
        type: 3}
      propertyPath: m_LocalEulerAnglesHint.y
      value: 0
      objectReference: {fileID: 0}
    - target: {fileID: 929992641055090229, guid: 203d77f8f3728cc4bbad9da590b91673,
        type: 3}
      propertyPath: m_LocalEulerAnglesHint.z
      value: 0
      objectReference: {fileID: 0}
    - target: {fileID: 929992641055090232, guid: 203d77f8f3728cc4bbad9da590b91673,
        type: 3}
      propertyPath: m_Name
      value: Gold Medium (4)
      objectReference: {fileID: 0}
    - target: {fileID: 929992641055090232, guid: 203d77f8f3728cc4bbad9da590b91673,
        type: 3}
      propertyPath: m_IsActive
      value: 1
      objectReference: {fileID: 0}
    m_RemovedComponents: []
  m_SourcePrefab: {fileID: 100100000, guid: 203d77f8f3728cc4bbad9da590b91673, type: 3}
--- !u!4 &7849787073449711192 stripped
Transform:
  m_CorrespondingSourceObject: {fileID: 929992641055090229, guid: 203d77f8f3728cc4bbad9da590b91673,
    type: 3}
  m_PrefabInstance: {fileID: 6924271928437682285}
  m_PrefabAsset: {fileID: 0}
--- !u!1001 &8180340763677144967
PrefabInstance:
  m_ObjectHideFlags: 0
  serializedVersion: 2
  m_Modification:
    m_TransformParent: {fileID: 1420922637337911161}
    m_Modifications:
    - target: {fileID: 7152995425394960164, guid: ee3a29fcbd218a642a0d142d6318360d,
        type: 3}
      propertyPath: m_Name
      value: Diamond Small
      objectReference: {fileID: 0}
    - target: {fileID: 7152995425394960175, guid: ee3a29fcbd218a642a0d142d6318360d,
        type: 3}
      propertyPath: m_RootOrder
      value: 10
      objectReference: {fileID: 0}
    - target: {fileID: 7152995425394960175, guid: ee3a29fcbd218a642a0d142d6318360d,
        type: 3}
      propertyPath: m_LocalPosition.x
      value: -1.6100001
      objectReference: {fileID: 0}
    - target: {fileID: 7152995425394960175, guid: ee3a29fcbd218a642a0d142d6318360d,
        type: 3}
      propertyPath: m_LocalPosition.y
      value: 1.94
      objectReference: {fileID: 0}
    - target: {fileID: 7152995425394960175, guid: ee3a29fcbd218a642a0d142d6318360d,
        type: 3}
      propertyPath: m_LocalPosition.z
      value: -0.01
      objectReference: {fileID: 0}
    - target: {fileID: 7152995425394960175, guid: ee3a29fcbd218a642a0d142d6318360d,
        type: 3}
      propertyPath: m_LocalRotation.w
      value: 1
      objectReference: {fileID: 0}
    - target: {fileID: 7152995425394960175, guid: ee3a29fcbd218a642a0d142d6318360d,
        type: 3}
      propertyPath: m_LocalRotation.x
      value: -0
      objectReference: {fileID: 0}
    - target: {fileID: 7152995425394960175, guid: ee3a29fcbd218a642a0d142d6318360d,
        type: 3}
      propertyPath: m_LocalRotation.y
      value: -0
      objectReference: {fileID: 0}
    - target: {fileID: 7152995425394960175, guid: ee3a29fcbd218a642a0d142d6318360d,
        type: 3}
      propertyPath: m_LocalRotation.z
      value: -0
      objectReference: {fileID: 0}
    - target: {fileID: 7152995425394960175, guid: ee3a29fcbd218a642a0d142d6318360d,
        type: 3}
      propertyPath: m_LocalEulerAnglesHint.x
      value: 0
      objectReference: {fileID: 0}
    - target: {fileID: 7152995425394960175, guid: ee3a29fcbd218a642a0d142d6318360d,
        type: 3}
      propertyPath: m_LocalEulerAnglesHint.y
      value: 0
      objectReference: {fileID: 0}
    - target: {fileID: 7152995425394960175, guid: ee3a29fcbd218a642a0d142d6318360d,
        type: 3}
      propertyPath: m_LocalEulerAnglesHint.z
      value: 0
      objectReference: {fileID: 0}
    m_RemovedComponents: []
  m_SourcePrefab: {fileID: 100100000, guid: ee3a29fcbd218a642a0d142d6318360d, type: 3}
--- !u!4 &1351893413573071016 stripped
Transform:
  m_CorrespondingSourceObject: {fileID: 7152995425394960175, guid: ee3a29fcbd218a642a0d142d6318360d,
    type: 3}
  m_PrefabInstance: {fileID: 8180340763677144967}
  m_PrefabAsset: {fileID: 0}
