%YAML 1.1
%TAG !u! tag:unity3d.com,2011:
--- !u!1 &2056764099668184759
GameObject:
  m_ObjectHideFlags: 0
  m_CorrespondingSourceObject: {fileID: 0}
  m_PrefabInstance: {fileID: 0}
  m_PrefabAsset: {fileID: 0}
  serializedVersion: 6
  m_Component:
  - component: {fileID: 2056764099668184756}
  m_Layer: 0
  m_Name: Level Atlantic 2
  m_TagString: Untagged
  m_Icon: {fileID: 0}
  m_NavMeshLayer: 0
  m_StaticEditorFlags: 0
  m_IsActive: 1
--- !u!4 &2056764099668184756
Transform:
  m_ObjectHideFlags: 0
  m_CorrespondingSourceObject: {fileID: 0}
  m_PrefabInstance: {fileID: 0}
  m_PrefabAsset: {fileID: 0}
  m_GameObject: {fileID: 2056764099668184759}
  m_LocalRotation: {x: 0, y: 0, z: 0, w: 1}
  m_LocalPosition: {x: 0, y: 0, z: 0}
  m_LocalScale: {x: 1, y: 1, z: 1}
  m_Children:
  - {fileID: 4603298986633096661}
  - {fileID: 2312385119258426432}
  - {fileID: 7315971885403927263}
  - {fileID: 5782973869895421887}
  - {fileID: 8420170954034315432}
  - {fileID: 7412583266690165228}
  - {fileID: 745400060534747006}
  - {fileID: 745400060618987765}
  - {fileID: 9001967948746664435}
  - {fileID: 4915548873888521060}
  - {fileID: 8626586161958745085}
  - {fileID: 3598082627982794355}
  - {fileID: 1897274421594652181}
  - {fileID: 1725984680311563506}
  - {fileID: 1783697938452497628}
  - {fileID: 2374247704160386489}
  - {fileID: 3206471395661431936}
  m_Father: {fileID: 0}
  m_RootOrder: 0
  m_LocalEulerAnglesHint: {x: 0, y: 0, z: 0}
--- !u!1001 &373053028806246126
PrefabInstance:
  m_ObjectHideFlags: 0
  serializedVersion: 2
  m_Modification:
    m_TransformParent: {fileID: 2056764099668184756}
    m_Modifications:
    - target: {fileID: 2977712226111650403, guid: 088332f981ce5fe41ad2f639e8dc6330,
        type: 3}
      propertyPath: m_Name
      value: Stone Large (1)
      objectReference: {fileID: 0}
    - target: {fileID: 2977712226111650403, guid: 088332f981ce5fe41ad2f639e8dc6330,
        type: 3}
      propertyPath: m_IsActive
      value: 1
      objectReference: {fileID: 0}
    - target: {fileID: 2977712226111650414, guid: 088332f981ce5fe41ad2f639e8dc6330,
        type: 3}
      propertyPath: m_RootOrder
      value: 16
      objectReference: {fileID: 0}
    - target: {fileID: 2977712226111650414, guid: 088332f981ce5fe41ad2f639e8dc6330,
        type: 3}
      propertyPath: m_LocalScale.x
      value: 1.7820914
      objectReference: {fileID: 0}
    - target: {fileID: 2977712226111650414, guid: 088332f981ce5fe41ad2f639e8dc6330,
        type: 3}
      propertyPath: m_LocalScale.y
      value: 1.707605
      objectReference: {fileID: 0}
    - target: {fileID: 2977712226111650414, guid: 088332f981ce5fe41ad2f639e8dc6330,
        type: 3}
      propertyPath: m_LocalPosition.x
      value: 12.2056
      objectReference: {fileID: 0}
    - target: {fileID: 2977712226111650414, guid: 088332f981ce5fe41ad2f639e8dc6330,
        type: 3}
      propertyPath: m_LocalPosition.y
      value: 0.2164
      objectReference: {fileID: 0}
    - target: {fileID: 2977712226111650414, guid: 088332f981ce5fe41ad2f639e8dc6330,
        type: 3}
      propertyPath: m_LocalPosition.z
      value: -0.01
      objectReference: {fileID: 0}
    - target: {fileID: 2977712226111650414, guid: 088332f981ce5fe41ad2f639e8dc6330,
        type: 3}
      propertyPath: m_LocalRotation.w
      value: 1
      objectReference: {fileID: 0}
    - target: {fileID: 2977712226111650414, guid: 088332f981ce5fe41ad2f639e8dc6330,
        type: 3}
      propertyPath: m_LocalRotation.x
      value: 0
      objectReference: {fileID: 0}
    - target: {fileID: 2977712226111650414, guid: 088332f981ce5fe41ad2f639e8dc6330,
        type: 3}
      propertyPath: m_LocalRotation.y
      value: 0
      objectReference: {fileID: 0}
    - target: {fileID: 2977712226111650414, guid: 088332f981ce5fe41ad2f639e8dc6330,
        type: 3}
      propertyPath: m_LocalRotation.z
      value: 0
      objectReference: {fileID: 0}
    - target: {fileID: 2977712226111650414, guid: 088332f981ce5fe41ad2f639e8dc6330,
        type: 3}
      propertyPath: m_LocalEulerAnglesHint.x
      value: 0
      objectReference: {fileID: 0}
    - target: {fileID: 2977712226111650414, guid: 088332f981ce5fe41ad2f639e8dc6330,
        type: 3}
      propertyPath: m_LocalEulerAnglesHint.y
      value: 0
      objectReference: {fileID: 0}
    - target: {fileID: 2977712226111650414, guid: 088332f981ce5fe41ad2f639e8dc6330,
        type: 3}
      propertyPath: m_LocalEulerAnglesHint.z
      value: 0
      objectReference: {fileID: 0}
    m_RemovedComponents: []
  m_SourcePrefab: {fileID: 100100000, guid: 088332f981ce5fe41ad2f639e8dc6330, type: 3}
--- !u!4 &3206471395661431936 stripped
Transform:
  m_CorrespondingSourceObject: {fileID: 2977712226111650414, guid: 088332f981ce5fe41ad2f639e8dc6330,
    type: 3}
  m_PrefabInstance: {fileID: 373053028806246126}
  m_PrefabAsset: {fileID: 0}
--- !u!1001 &1509621873270379730
PrefabInstance:
  m_ObjectHideFlags: 0
  serializedVersion: 2
  m_Modification:
    m_TransformParent: {fileID: 2056764099668184756}
    m_Modifications:
    - target: {fileID: 7152995425394960164, guid: ee3a29fcbd218a642a0d142d6318360d,
        type: 3}
      propertyPath: m_Name
      value: Diamond Small (4)
      objectReference: {fileID: 0}
    - target: {fileID: 7152995425394960164, guid: ee3a29fcbd218a642a0d142d6318360d,
        type: 3}
      propertyPath: m_IsActive
      value: 1
      objectReference: {fileID: 0}
    - target: {fileID: 7152995425394960175, guid: ee3a29fcbd218a642a0d142d6318360d,
        type: 3}
      propertyPath: m_RootOrder
      value: 10
      objectReference: {fileID: 0}
    - target: {fileID: 7152995425394960175, guid: ee3a29fcbd218a642a0d142d6318360d,
        type: 3}
      propertyPath: m_LocalScale.x
      value: 0.5
      objectReference: {fileID: 0}
    - target: {fileID: 7152995425394960175, guid: ee3a29fcbd218a642a0d142d6318360d,
        type: 3}
      propertyPath: m_LocalScale.y
      value: 0.5
      objectReference: {fileID: 0}
    - target: {fileID: 7152995425394960175, guid: ee3a29fcbd218a642a0d142d6318360d,
        type: 3}
      propertyPath: m_LocalPosition.x
      value: 9.2295
      objectReference: {fileID: 0}
    - target: {fileID: 7152995425394960175, guid: ee3a29fcbd218a642a0d142d6318360d,
        type: 3}
      propertyPath: m_LocalPosition.y
      value: 2.0264
      objectReference: {fileID: 0}
    - target: {fileID: 7152995425394960175, guid: ee3a29fcbd218a642a0d142d6318360d,
        type: 3}
      propertyPath: m_LocalPosition.z
      value: -0.01
      objectReference: {fileID: 0}
    - target: {fileID: 7152995425394960175, guid: ee3a29fcbd218a642a0d142d6318360d,
        type: 3}
      propertyPath: m_LocalRotation.w
      value: 1
      objectReference: {fileID: 0}
    - target: {fileID: 7152995425394960175, guid: ee3a29fcbd218a642a0d142d6318360d,
        type: 3}
      propertyPath: m_LocalRotation.x
      value: -0
      objectReference: {fileID: 0}
    - target: {fileID: 7152995425394960175, guid: ee3a29fcbd218a642a0d142d6318360d,
        type: 3}
      propertyPath: m_LocalRotation.y
      value: -0
      objectReference: {fileID: 0}
    - target: {fileID: 7152995425394960175, guid: ee3a29fcbd218a642a0d142d6318360d,
        type: 3}
      propertyPath: m_LocalRotation.z
      value: -0
      objectReference: {fileID: 0}
    - target: {fileID: 7152995425394960175, guid: ee3a29fcbd218a642a0d142d6318360d,
        type: 3}
      propertyPath: m_LocalEulerAnglesHint.x
      value: 0
      objectReference: {fileID: 0}
    - target: {fileID: 7152995425394960175, guid: ee3a29fcbd218a642a0d142d6318360d,
        type: 3}
      propertyPath: m_LocalEulerAnglesHint.y
      value: 0
      objectReference: {fileID: 0}
    - target: {fileID: 7152995425394960175, guid: ee3a29fcbd218a642a0d142d6318360d,
        type: 3}
      propertyPath: m_LocalEulerAnglesHint.z
      value: 0
      objectReference: {fileID: 0}
    m_RemovedComponents: []
  m_SourcePrefab: {fileID: 100100000, guid: ee3a29fcbd218a642a0d142d6318360d, type: 3}
--- !u!4 &8626586161958745085 stripped
Transform:
  m_CorrespondingSourceObject: {fileID: 7152995425394960175, guid: ee3a29fcbd218a642a0d142d6318360d,
    type: 3}
  m_PrefabInstance: {fileID: 1509621873270379730}
  m_PrefabAsset: {fileID: 0}
--- !u!1001 &2318244696259943300
PrefabInstance:
  m_ObjectHideFlags: 0
  serializedVersion: 2
  m_Modification:
    m_TransformParent: {fileID: 2056764099668184756}
    m_Modifications:
    - target: {fileID: 4213247520254764433, guid: 61e1f835841bbb54ba602c6bd1651834,
        type: 3}
      propertyPath: m_RootOrder
      value: 12
      objectReference: {fileID: 0}
    - target: {fileID: 4213247520254764433, guid: 61e1f835841bbb54ba602c6bd1651834,
        type: 3}
      propertyPath: m_LocalScale.x
      value: 1.7820914
      objectReference: {fileID: 0}
    - target: {fileID: 4213247520254764433, guid: 61e1f835841bbb54ba602c6bd1651834,
        type: 3}
      propertyPath: m_LocalScale.y
      value: 1.707605
      objectReference: {fileID: 0}
    - target: {fileID: 4213247520254764433, guid: 61e1f835841bbb54ba602c6bd1651834,
        type: 3}
      propertyPath: m_LocalPosition.x
      value: 4.703
      objectReference: {fileID: 0}
    - target: {fileID: 4213247520254764433, guid: 61e1f835841bbb54ba602c6bd1651834,
        type: 3}
      propertyPath: m_LocalPosition.y
      value: 2.701
      objectReference: {fileID: 0}
    - target: {fileID: 4213247520254764433, guid: 61e1f835841bbb54ba602c6bd1651834,
        type: 3}
      propertyPath: m_LocalPosition.z
      value: -0.01
      objectReference: {fileID: 0}
    - target: {fileID: 4213247520254764433, guid: 61e1f835841bbb54ba602c6bd1651834,
        type: 3}
      propertyPath: m_LocalRotation.w
      value: 1
      objectReference: {fileID: 0}
    - target: {fileID: 4213247520254764433, guid: 61e1f835841bbb54ba602c6bd1651834,
        type: 3}
      propertyPath: m_LocalRotation.x
      value: 0
      objectReference: {fileID: 0}
    - target: {fileID: 4213247520254764433, guid: 61e1f835841bbb54ba602c6bd1651834,
        type: 3}
      propertyPath: m_LocalRotation.y
      value: 0
      objectReference: {fileID: 0}
    - target: {fileID: 4213247520254764433, guid: 61e1f835841bbb54ba602c6bd1651834,
        type: 3}
      propertyPath: m_LocalRotation.z
      value: 0
      objectReference: {fileID: 0}
    - target: {fileID: 4213247520254764433, guid: 61e1f835841bbb54ba602c6bd1651834,
        type: 3}
      propertyPath: m_LocalEulerAnglesHint.x
      value: 0
      objectReference: {fileID: 0}
    - target: {fileID: 4213247520254764433, guid: 61e1f835841bbb54ba602c6bd1651834,
        type: 3}
      propertyPath: m_LocalEulerAnglesHint.y
      value: 0
      objectReference: {fileID: 0}
    - target: {fileID: 4213247520254764433, guid: 61e1f835841bbb54ba602c6bd1651834,
        type: 3}
      propertyPath: m_LocalEulerAnglesHint.z
      value: 0
      objectReference: {fileID: 0}
    - target: {fileID: 4213247520254764444, guid: 61e1f835841bbb54ba602c6bd1651834,
        type: 3}
      propertyPath: m_Name
      value: Gold Large (6)
      objectReference: {fileID: 0}
    - target: {fileID: 4213247520254764444, guid: 61e1f835841bbb54ba602c6bd1651834,
        type: 3}
      propertyPath: m_IsActive
      value: 1
      objectReference: {fileID: 0}
    m_RemovedComponents: []
  m_SourcePrefab: {fileID: 100100000, guid: 61e1f835841bbb54ba602c6bd1651834, type: 3}
--- !u!4 &1897274421594652181 stripped
Transform:
  m_CorrespondingSourceObject: {fileID: 4213247520254764433, guid: 61e1f835841bbb54ba602c6bd1651834,
    type: 3}
  m_PrefabInstance: {fileID: 2318244696259943300}
  m_PrefabAsset: {fileID: 0}
--- !u!1001 &2842618919936293963
PrefabInstance:
  m_ObjectHideFlags: 0
  serializedVersion: 2
  m_Modification:
    m_TransformParent: {fileID: 2056764099668184756}
    m_Modifications:
    - target: {fileID: 7152995425394960164, guid: ee3a29fcbd218a642a0d142d6318360d,
        type: 3}
      propertyPath: m_Name
      value: Diamond Small (3)
      objectReference: {fileID: 0}
    - target: {fileID: 7152995425394960164, guid: ee3a29fcbd218a642a0d142d6318360d,
        type: 3}
      propertyPath: m_IsActive
      value: 1
      objectReference: {fileID: 0}
    - target: {fileID: 7152995425394960175, guid: ee3a29fcbd218a642a0d142d6318360d,
        type: 3}
      propertyPath: m_RootOrder
      value: 9
      objectReference: {fileID: 0}
    - target: {fileID: 7152995425394960175, guid: ee3a29fcbd218a642a0d142d6318360d,
        type: 3}
      propertyPath: m_LocalScale.x
      value: 0.5
      objectReference: {fileID: 0}
    - target: {fileID: 7152995425394960175, guid: ee3a29fcbd218a642a0d142d6318360d,
        type: 3}
      propertyPath: m_LocalScale.y
      value: 0.5
      objectReference: {fileID: 0}
    - target: {fileID: 7152995425394960175, guid: ee3a29fcbd218a642a0d142d6318360d,
        type: 3}
      propertyPath: m_LocalPosition.x
      value: 8.1068
      objectReference: {fileID: 0}
    - target: {fileID: 7152995425394960175, guid: ee3a29fcbd218a642a0d142d6318360d,
        type: 3}
      propertyPath: m_LocalPosition.y
      value: 3.811
      objectReference: {fileID: 0}
    - target: {fileID: 7152995425394960175, guid: ee3a29fcbd218a642a0d142d6318360d,
        type: 3}
      propertyPath: m_LocalPosition.z
      value: -0.01
      objectReference: {fileID: 0}
    - target: {fileID: 7152995425394960175, guid: ee3a29fcbd218a642a0d142d6318360d,
        type: 3}
      propertyPath: m_LocalRotation.w
      value: 1
      objectReference: {fileID: 0}
    - target: {fileID: 7152995425394960175, guid: ee3a29fcbd218a642a0d142d6318360d,
        type: 3}
      propertyPath: m_LocalRotation.x
      value: -0
      objectReference: {fileID: 0}
    - target: {fileID: 7152995425394960175, guid: ee3a29fcbd218a642a0d142d6318360d,
        type: 3}
      propertyPath: m_LocalRotation.y
      value: -0
      objectReference: {fileID: 0}
    - target: {fileID: 7152995425394960175, guid: ee3a29fcbd218a642a0d142d6318360d,
        type: 3}
      propertyPath: m_LocalRotation.z
      value: -0
      objectReference: {fileID: 0}
    - target: {fileID: 7152995425394960175, guid: ee3a29fcbd218a642a0d142d6318360d,
        type: 3}
      propertyPath: m_LocalEulerAnglesHint.x
      value: 0
      objectReference: {fileID: 0}
    - target: {fileID: 7152995425394960175, guid: ee3a29fcbd218a642a0d142d6318360d,
        type: 3}
      propertyPath: m_LocalEulerAnglesHint.y
      value: 0
      objectReference: {fileID: 0}
    - target: {fileID: 7152995425394960175, guid: ee3a29fcbd218a642a0d142d6318360d,
        type: 3}
      propertyPath: m_LocalEulerAnglesHint.z
      value: 0
      objectReference: {fileID: 0}
    m_RemovedComponents: []
  m_SourcePrefab: {fileID: 100100000, guid: ee3a29fcbd218a642a0d142d6318360d, type: 3}
--- !u!4 &4915548873888521060 stripped
Transform:
  m_CorrespondingSourceObject: {fileID: 7152995425394960175, guid: ee3a29fcbd218a642a0d142d6318360d,
    type: 3}
  m_PrefabInstance: {fileID: 2842618919936293963}
  m_PrefabAsset: {fileID: 0}
--- !u!1001 &3281887865204113763
PrefabInstance:
  m_ObjectHideFlags: 0
  serializedVersion: 2
  m_Modification:
    m_TransformParent: {fileID: 2056764099668184756}
    m_Modifications:
    - target: {fileID: 4213247520254764433, guid: 61e1f835841bbb54ba602c6bd1651834,
        type: 3}
      propertyPath: m_RootOrder
      value: 13
      objectReference: {fileID: 0}
    - target: {fileID: 4213247520254764433, guid: 61e1f835841bbb54ba602c6bd1651834,
        type: 3}
      propertyPath: m_LocalScale.x
      value: 1.7820914
      objectReference: {fileID: 0}
    - target: {fileID: 4213247520254764433, guid: 61e1f835841bbb54ba602c6bd1651834,
        type: 3}
      propertyPath: m_LocalScale.y
      value: 1.707605
      objectReference: {fileID: 0}
    - target: {fileID: 4213247520254764433, guid: 61e1f835841bbb54ba602c6bd1651834,
        type: 3}
      propertyPath: m_LocalPosition.x
      value: 5.6653
      objectReference: {fileID: 0}
    - target: {fileID: 4213247520254764433, guid: 61e1f835841bbb54ba602c6bd1651834,
        type: 3}
      propertyPath: m_LocalPosition.y
      value: -1.9864
      objectReference: {fileID: 0}
    - target: {fileID: 4213247520254764433, guid: 61e1f835841bbb54ba602c6bd1651834,
        type: 3}
      propertyPath: m_LocalPosition.z
      value: -0.01
      objectReference: {fileID: 0}
    - target: {fileID: 4213247520254764433, guid: 61e1f835841bbb54ba602c6bd1651834,
        type: 3}
      propertyPath: m_LocalRotation.w
      value: 1
      objectReference: {fileID: 0}
    - target: {fileID: 4213247520254764433, guid: 61e1f835841bbb54ba602c6bd1651834,
        type: 3}
      propertyPath: m_LocalRotation.x
      value: 0
      objectReference: {fileID: 0}
    - target: {fileID: 4213247520254764433, guid: 61e1f835841bbb54ba602c6bd1651834,
        type: 3}
      propertyPath: m_LocalRotation.y
      value: 0
      objectReference: {fileID: 0}
    - target: {fileID: 4213247520254764433, guid: 61e1f835841bbb54ba602c6bd1651834,
        type: 3}
      propertyPath: m_LocalRotation.z
      value: 0
      objectReference: {fileID: 0}
    - target: {fileID: 4213247520254764433, guid: 61e1f835841bbb54ba602c6bd1651834,
        type: 3}
      propertyPath: m_LocalEulerAnglesHint.x
      value: 0
      objectReference: {fileID: 0}
    - target: {fileID: 4213247520254764433, guid: 61e1f835841bbb54ba602c6bd1651834,
        type: 3}
      propertyPath: m_LocalEulerAnglesHint.y
      value: 0
      objectReference: {fileID: 0}
    - target: {fileID: 4213247520254764433, guid: 61e1f835841bbb54ba602c6bd1651834,
        type: 3}
      propertyPath: m_LocalEulerAnglesHint.z
      value: 0
      objectReference: {fileID: 0}
    - target: {fileID: 4213247520254764444, guid: 61e1f835841bbb54ba602c6bd1651834,
        type: 3}
      propertyPath: m_Name
      value: Gold Large (7)
      objectReference: {fileID: 0}
    - target: {fileID: 4213247520254764444, guid: 61e1f835841bbb54ba602c6bd1651834,
        type: 3}
      propertyPath: m_IsActive
      value: 1
      objectReference: {fileID: 0}
    m_RemovedComponents: []
  m_SourcePrefab: {fileID: 100100000, guid: 61e1f835841bbb54ba602c6bd1651834, type: 3}
--- !u!4 &1725984680311563506 stripped
Transform:
  m_CorrespondingSourceObject: {fileID: 4213247520254764433, guid: 61e1f835841bbb54ba602c6bd1651834,
    type: 3}
  m_PrefabInstance: {fileID: 3281887865204113763}
  m_PrefabAsset: {fileID: 0}
--- !u!1001 &5638077707157395061
PrefabInstance:
  m_ObjectHideFlags: 0
  serializedVersion: 2
  m_Modification:
    m_TransformParent: {fileID: 2056764099668184756}
    m_Modifications:
    - target: {fileID: 6268603993516446372, guid: 2e7ba0eb5d8ff194585116b0af65fb41,
        type: 3}
      propertyPath: m_Name
      value: Stone Small (8)
      objectReference: {fileID: 0}
    - target: {fileID: 6268603993516446372, guid: 2e7ba0eb5d8ff194585116b0af65fb41,
        type: 3}
      propertyPath: m_IsActive
      value: 1
      objectReference: {fileID: 0}
    - target: {fileID: 6268603993516446377, guid: 2e7ba0eb5d8ff194585116b0af65fb41,
        type: 3}
      propertyPath: m_RootOrder
      value: 14
      objectReference: {fileID: 0}
    - target: {fileID: 6268603993516446377, guid: 2e7ba0eb5d8ff194585116b0af65fb41,
        type: 3}
      propertyPath: m_LocalScale.x
      value: 1.7820914
      objectReference: {fileID: 0}
    - target: {fileID: 6268603993516446377, guid: 2e7ba0eb5d8ff194585116b0af65fb41,
        type: 3}
      propertyPath: m_LocalScale.y
      value: 1.707605
      objectReference: {fileID: 0}
    - target: {fileID: 6268603993516446377, guid: 2e7ba0eb5d8ff194585116b0af65fb41,
        type: 3}
      propertyPath: m_LocalPosition.x
      value: -3.4679
      objectReference: {fileID: 0}
    - target: {fileID: 6268603993516446377, guid: 2e7ba0eb5d8ff194585116b0af65fb41,
        type: 3}
      propertyPath: m_LocalPosition.y
      value: -1.8413
      objectReference: {fileID: 0}
    - target: {fileID: 6268603993516446377, guid: 2e7ba0eb5d8ff194585116b0af65fb41,
        type: 3}
      propertyPath: m_LocalPosition.z
      value: -0.01
      objectReference: {fileID: 0}
    - target: {fileID: 6268603993516446377, guid: 2e7ba0eb5d8ff194585116b0af65fb41,
        type: 3}
      propertyPath: m_LocalRotation.w
      value: 1
      objectReference: {fileID: 0}
    - target: {fileID: 6268603993516446377, guid: 2e7ba0eb5d8ff194585116b0af65fb41,
        type: 3}
      propertyPath: m_LocalRotation.x
      value: 0
      objectReference: {fileID: 0}
    - target: {fileID: 6268603993516446377, guid: 2e7ba0eb5d8ff194585116b0af65fb41,
        type: 3}
      propertyPath: m_LocalRotation.y
      value: 0
      objectReference: {fileID: 0}
    - target: {fileID: 6268603993516446377, guid: 2e7ba0eb5d8ff194585116b0af65fb41,
        type: 3}
      propertyPath: m_LocalRotation.z
      value: 0
      objectReference: {fileID: 0}
    - target: {fileID: 6268603993516446377, guid: 2e7ba0eb5d8ff194585116b0af65fb41,
        type: 3}
      propertyPath: m_LocalEulerAnglesHint.x
      value: 0
      objectReference: {fileID: 0}
    - target: {fileID: 6268603993516446377, guid: 2e7ba0eb5d8ff194585116b0af65fb41,
        type: 3}
      propertyPath: m_LocalEulerAnglesHint.y
      value: 0
      objectReference: {fileID: 0}
    - target: {fileID: 6268603993516446377, guid: 2e7ba0eb5d8ff194585116b0af65fb41,
        type: 3}
      propertyPath: m_LocalEulerAnglesHint.z
      value: 0
      objectReference: {fileID: 0}
    m_RemovedComponents: []
  m_SourcePrefab: {fileID: 100100000, guid: 2e7ba0eb5d8ff194585116b0af65fb41, type: 3}
--- !u!4 &1783697938452497628 stripped
Transform:
  m_CorrespondingSourceObject: {fileID: 6268603993516446377, guid: 2e7ba0eb5d8ff194585116b0af65fb41,
    type: 3}
  m_PrefabInstance: {fileID: 5638077707157395061}
  m_PrefabAsset: {fileID: 0}
--- !u!1001 &5666094111113061689
PrefabInstance:
  m_ObjectHideFlags: 0
  serializedVersion: 2
  m_Modification:
    m_TransformParent: {fileID: 2056764099668184756}
    m_Modifications:
    - target: {fileID: 4213247520254764433, guid: 61e1f835841bbb54ba602c6bd1651834,
        type: 3}
      propertyPath: m_RootOrder
      value: 4
      objectReference: {fileID: 0}
    - target: {fileID: 4213247520254764433, guid: 61e1f835841bbb54ba602c6bd1651834,
        type: 3}
      propertyPath: m_LocalScale.x
      value: 1.7820914
      objectReference: {fileID: 0}
    - target: {fileID: 4213247520254764433, guid: 61e1f835841bbb54ba602c6bd1651834,
        type: 3}
      propertyPath: m_LocalScale.y
      value: 1.707605
      objectReference: {fileID: 0}
    - target: {fileID: 4213247520254764433, guid: 61e1f835841bbb54ba602c6bd1651834,
        type: 3}
      propertyPath: m_LocalPosition.x
      value: -0.2868
      objectReference: {fileID: 0}
    - target: {fileID: 4213247520254764433, guid: 61e1f835841bbb54ba602c6bd1651834,
        type: 3}
      propertyPath: m_LocalPosition.y
      value: 4.033
      objectReference: {fileID: 0}
    - target: {fileID: 4213247520254764433, guid: 61e1f835841bbb54ba602c6bd1651834,
        type: 3}
      propertyPath: m_LocalPosition.z
      value: -0.01
      objectReference: {fileID: 0}
    - target: {fileID: 4213247520254764433, guid: 61e1f835841bbb54ba602c6bd1651834,
        type: 3}
      propertyPath: m_LocalRotation.w
      value: 1
      objectReference: {fileID: 0}
    - target: {fileID: 4213247520254764433, guid: 61e1f835841bbb54ba602c6bd1651834,
        type: 3}
      propertyPath: m_LocalRotation.x
      value: 0
      objectReference: {fileID: 0}
    - target: {fileID: 4213247520254764433, guid: 61e1f835841bbb54ba602c6bd1651834,
        type: 3}
      propertyPath: m_LocalRotation.y
      value: 0
      objectReference: {fileID: 0}
    - target: {fileID: 4213247520254764433, guid: 61e1f835841bbb54ba602c6bd1651834,
        type: 3}
      propertyPath: m_LocalRotation.z
      value: 0
      objectReference: {fileID: 0}
    - target: {fileID: 4213247520254764433, guid: 61e1f835841bbb54ba602c6bd1651834,
        type: 3}
      propertyPath: m_LocalEulerAnglesHint.x
      value: 0
      objectReference: {fileID: 0}
    - target: {fileID: 4213247520254764433, guid: 61e1f835841bbb54ba602c6bd1651834,
        type: 3}
      propertyPath: m_LocalEulerAnglesHint.y
      value: 0
      objectReference: {fileID: 0}
    - target: {fileID: 4213247520254764433, guid: 61e1f835841bbb54ba602c6bd1651834,
        type: 3}
      propertyPath: m_LocalEulerAnglesHint.z
      value: 0
      objectReference: {fileID: 0}
    - target: {fileID: 4213247520254764444, guid: 61e1f835841bbb54ba602c6bd1651834,
        type: 3}
      propertyPath: m_Name
      value: Gold Large (5)
      objectReference: {fileID: 0}
    - target: {fileID: 4213247520254764444, guid: 61e1f835841bbb54ba602c6bd1651834,
        type: 3}
      propertyPath: m_IsActive
      value: 1
      objectReference: {fileID: 0}
    m_RemovedComponents: []
  m_SourcePrefab: {fileID: 100100000, guid: 61e1f835841bbb54ba602c6bd1651834, type: 3}
--- !u!4 &8420170954034315432 stripped
Transform:
  m_CorrespondingSourceObject: {fileID: 4213247520254764433, guid: 61e1f835841bbb54ba602c6bd1651834,
    type: 3}
  m_PrefabInstance: {fileID: 5666094111113061689}
  m_PrefabAsset: {fileID: 0}
--- !u!1001 &5956712436986952028
PrefabInstance:
  m_ObjectHideFlags: 0
  serializedVersion: 2
  m_Modification:
    m_TransformParent: {fileID: 2056764099668184756}
    m_Modifications:
    - target: {fileID: 7152995425394960164, guid: ee3a29fcbd218a642a0d142d6318360d,
        type: 3}
      propertyPath: m_Name
      value: Diamond Small (5)
      objectReference: {fileID: 0}
    - target: {fileID: 7152995425394960164, guid: ee3a29fcbd218a642a0d142d6318360d,
        type: 3}
      propertyPath: m_IsActive
      value: 1
      objectReference: {fileID: 0}
    - target: {fileID: 7152995425394960175, guid: ee3a29fcbd218a642a0d142d6318360d,
        type: 3}
      propertyPath: m_RootOrder
      value: 11
      objectReference: {fileID: 0}
    - target: {fileID: 7152995425394960175, guid: ee3a29fcbd218a642a0d142d6318360d,
        type: 3}
      propertyPath: m_LocalScale.x
      value: 0.5
      objectReference: {fileID: 0}
    - target: {fileID: 7152995425394960175, guid: ee3a29fcbd218a642a0d142d6318360d,
        type: 3}
      propertyPath: m_LocalScale.y
      value: 0.5
      objectReference: {fileID: 0}
    - target: {fileID: 7152995425394960175, guid: ee3a29fcbd218a642a0d142d6318360d,
        type: 3}
      propertyPath: m_LocalPosition.x
      value: 10.1651
      objectReference: {fileID: 0}
    - target: {fileID: 7152995425394960175, guid: ee3a29fcbd218a642a0d142d6318360d,
        type: 3}
      propertyPath: m_LocalPosition.y
      value: 0.6689
      objectReference: {fileID: 0}
    - target: {fileID: 7152995425394960175, guid: ee3a29fcbd218a642a0d142d6318360d,
        type: 3}
      propertyPath: m_LocalPosition.z
      value: -0.01
      objectReference: {fileID: 0}
    - target: {fileID: 7152995425394960175, guid: ee3a29fcbd218a642a0d142d6318360d,
        type: 3}
      propertyPath: m_LocalRotation.w
      value: 1
      objectReference: {fileID: 0}
    - target: {fileID: 7152995425394960175, guid: ee3a29fcbd218a642a0d142d6318360d,
        type: 3}
      propertyPath: m_LocalRotation.x
      value: -0
      objectReference: {fileID: 0}
    - target: {fileID: 7152995425394960175, guid: ee3a29fcbd218a642a0d142d6318360d,
        type: 3}
      propertyPath: m_LocalRotation.y
      value: -0
      objectReference: {fileID: 0}
    - target: {fileID: 7152995425394960175, guid: ee3a29fcbd218a642a0d142d6318360d,
        type: 3}
      propertyPath: m_LocalRotation.z
      value: -0
      objectReference: {fileID: 0}
    - target: {fileID: 7152995425394960175, guid: ee3a29fcbd218a642a0d142d6318360d,
        type: 3}
      propertyPath: m_LocalEulerAnglesHint.x
      value: 0
      objectReference: {fileID: 0}
    - target: {fileID: 7152995425394960175, guid: ee3a29fcbd218a642a0d142d6318360d,
        type: 3}
      propertyPath: m_LocalEulerAnglesHint.y
      value: 0
      objectReference: {fileID: 0}
    - target: {fileID: 7152995425394960175, guid: ee3a29fcbd218a642a0d142d6318360d,
        type: 3}
      propertyPath: m_LocalEulerAnglesHint.z
      value: 0
      objectReference: {fileID: 0}
    m_RemovedComponents: []
  m_SourcePrefab: {fileID: 100100000, guid: ee3a29fcbd218a642a0d142d6318360d, type: 3}
--- !u!4 &3598082627982794355 stripped
Transform:
  m_CorrespondingSourceObject: {fileID: 7152995425394960175, guid: ee3a29fcbd218a642a0d142d6318360d,
    type: 3}
  m_PrefabInstance: {fileID: 5956712436986952028}
  m_PrefabAsset: {fileID: 0}
--- !u!1001 &6178832420805530525
PrefabInstance:
  m_ObjectHideFlags: 0
  serializedVersion: 2
  m_Modification:
    m_TransformParent: {fileID: 2056764099668184756}
    m_Modifications:
    - target: {fileID: 2977712226111650403, guid: 088332f981ce5fe41ad2f639e8dc6330,
        type: 3}
      propertyPath: m_Name
      value: Stone Large
      objectReference: {fileID: 0}
    - target: {fileID: 2977712226111650403, guid: 088332f981ce5fe41ad2f639e8dc6330,
        type: 3}
      propertyPath: m_IsActive
      value: 1
      objectReference: {fileID: 0}
    - target: {fileID: 2977712226111650414, guid: 088332f981ce5fe41ad2f639e8dc6330,
        type: 3}
      propertyPath: m_RootOrder
      value: 8
      objectReference: {fileID: 0}
    - target: {fileID: 2977712226111650414, guid: 088332f981ce5fe41ad2f639e8dc6330,
        type: 3}
      propertyPath: m_LocalScale.x
      value: 1.7820914
      objectReference: {fileID: 0}
    - target: {fileID: 2977712226111650414, guid: 088332f981ce5fe41ad2f639e8dc6330,
        type: 3}
      propertyPath: m_LocalScale.y
      value: 1.707605
      objectReference: {fileID: 0}
    - target: {fileID: 2977712226111650414, guid: 088332f981ce5fe41ad2f639e8dc6330,
        type: 3}
      propertyPath: m_LocalPosition.x
      value: 7.2157
      objectReference: {fileID: 0}
    - target: {fileID: 2977712226111650414, guid: 088332f981ce5fe41ad2f639e8dc6330,
        type: 3}
      propertyPath: m_LocalPosition.y
      value: 1.5483
      objectReference: {fileID: 0}
    - target: {fileID: 2977712226111650414, guid: 088332f981ce5fe41ad2f639e8dc6330,
        type: 3}
      propertyPath: m_LocalPosition.z
      value: -0.01
      objectReference: {fileID: 0}
    - target: {fileID: 2977712226111650414, guid: 088332f981ce5fe41ad2f639e8dc6330,
        type: 3}
      propertyPath: m_LocalRotation.w
      value: 1
      objectReference: {fileID: 0}
    - target: {fileID: 2977712226111650414, guid: 088332f981ce5fe41ad2f639e8dc6330,
        type: 3}
      propertyPath: m_LocalRotation.x
      value: 0
      objectReference: {fileID: 0}
    - target: {fileID: 2977712226111650414, guid: 088332f981ce5fe41ad2f639e8dc6330,
        type: 3}
      propertyPath: m_LocalRotation.y
      value: 0
      objectReference: {fileID: 0}
    - target: {fileID: 2977712226111650414, guid: 088332f981ce5fe41ad2f639e8dc6330,
        type: 3}
      propertyPath: m_LocalRotation.z
      value: 0
      objectReference: {fileID: 0}
    - target: {fileID: 2977712226111650414, guid: 088332f981ce5fe41ad2f639e8dc6330,
        type: 3}
      propertyPath: m_LocalEulerAnglesHint.x
      value: 0
      objectReference: {fileID: 0}
    - target: {fileID: 2977712226111650414, guid: 088332f981ce5fe41ad2f639e8dc6330,
        type: 3}
      propertyPath: m_LocalEulerAnglesHint.y
      value: 0
      objectReference: {fileID: 0}
    - target: {fileID: 2977712226111650414, guid: 088332f981ce5fe41ad2f639e8dc6330,
        type: 3}
      propertyPath: m_LocalEulerAnglesHint.z
      value: 0
      objectReference: {fileID: 0}
    m_RemovedComponents: []
  m_SourcePrefab: {fileID: 100100000, guid: 088332f981ce5fe41ad2f639e8dc6330, type: 3}
--- !u!4 &9001967948746664435 stripped
Transform:
  m_CorrespondingSourceObject: {fileID: 2977712226111650414, guid: 088332f981ce5fe41ad2f639e8dc6330,
    type: 3}
  m_PrefabInstance: {fileID: 6178832420805530525}
  m_PrefabAsset: {fileID: 0}
--- !u!1001 &6676234024295811834
PrefabInstance:
  m_ObjectHideFlags: 0
  serializedVersion: 2
  m_Modification:
    m_TransformParent: {fileID: 2056764099668184756}
    m_Modifications:
    - target: {fileID: 7152995425394960164, guid: ee3a29fcbd218a642a0d142d6318360d,
        type: 3}
      propertyPath: m_Name
      value: Diamond Small (1)
      objectReference: {fileID: 0}
    - target: {fileID: 7152995425394960164, guid: ee3a29fcbd218a642a0d142d6318360d,
        type: 3}
      propertyPath: m_IsActive
      value: 1
      objectReference: {fileID: 0}
    - target: {fileID: 7152995425394960175, guid: ee3a29fcbd218a642a0d142d6318360d,
        type: 3}
      propertyPath: m_RootOrder
      value: 0
      objectReference: {fileID: 0}
    - target: {fileID: 7152995425394960175, guid: ee3a29fcbd218a642a0d142d6318360d,
        type: 3}
      propertyPath: m_LocalScale.x
      value: 0.5
      objectReference: {fileID: 0}
    - target: {fileID: 7152995425394960175, guid: ee3a29fcbd218a642a0d142d6318360d,
        type: 3}
      propertyPath: m_LocalScale.y
      value: 0.5
      objectReference: {fileID: 0}
    - target: {fileID: 7152995425394960175, guid: ee3a29fcbd218a642a0d142d6318360d,
        type: 3}
      propertyPath: m_LocalPosition.x
      value: -1.775
      objectReference: {fileID: 0}
    - target: {fileID: 7152995425394960175, guid: ee3a29fcbd218a642a0d142d6318360d,
        type: 3}
      propertyPath: m_LocalPosition.y
      value: 2.0948
      objectReference: {fileID: 0}
    - target: {fileID: 7152995425394960175, guid: ee3a29fcbd218a642a0d142d6318360d,
        type: 3}
      propertyPath: m_LocalPosition.z
      value: -0.01
      objectReference: {fileID: 0}
    - target: {fileID: 7152995425394960175, guid: ee3a29fcbd218a642a0d142d6318360d,
        type: 3}
      propertyPath: m_LocalRotation.w
      value: 1
      objectReference: {fileID: 0}
    - target: {fileID: 7152995425394960175, guid: ee3a29fcbd218a642a0d142d6318360d,
        type: 3}
      propertyPath: m_LocalRotation.x
      value: -0
      objectReference: {fileID: 0}
    - target: {fileID: 7152995425394960175, guid: ee3a29fcbd218a642a0d142d6318360d,
        type: 3}
      propertyPath: m_LocalRotation.y
      value: -0
      objectReference: {fileID: 0}
    - target: {fileID: 7152995425394960175, guid: ee3a29fcbd218a642a0d142d6318360d,
        type: 3}
      propertyPath: m_LocalRotation.z
      value: -0
      objectReference: {fileID: 0}
    - target: {fileID: 7152995425394960175, guid: ee3a29fcbd218a642a0d142d6318360d,
        type: 3}
      propertyPath: m_LocalEulerAnglesHint.x
      value: 0
      objectReference: {fileID: 0}
    - target: {fileID: 7152995425394960175, guid: ee3a29fcbd218a642a0d142d6318360d,
        type: 3}
      propertyPath: m_LocalEulerAnglesHint.y
      value: 0
      objectReference: {fileID: 0}
    - target: {fileID: 7152995425394960175, guid: ee3a29fcbd218a642a0d142d6318360d,
        type: 3}
      propertyPath: m_LocalEulerAnglesHint.z
      value: 0
      objectReference: {fileID: 0}
    m_RemovedComponents: []
  m_SourcePrefab: {fileID: 100100000, guid: ee3a29fcbd218a642a0d142d6318360d, type: 3}
--- !u!4 &4603298986633096661 stripped
Transform:
  m_CorrespondingSourceObject: {fileID: 7152995425394960175, guid: ee3a29fcbd218a642a0d142d6318360d,
    type: 3}
  m_PrefabInstance: {fileID: 6676234024295811834}
  m_PrefabAsset: {fileID: 0}
--- !u!1001 &6676234024513883261
PrefabInstance:
  m_ObjectHideFlags: 0
  serializedVersion: 2
  m_Modification:
    m_TransformParent: {fileID: 2056764099668184756}
    m_Modifications:
    - target: {fileID: 4213247520254764433, guid: 61e1f835841bbb54ba602c6bd1651834,
        type: 3}
      propertyPath: m_RootOrder
      value: 5
      objectReference: {fileID: 0}
    - target: {fileID: 4213247520254764433, guid: 61e1f835841bbb54ba602c6bd1651834,
        type: 3}
      propertyPath: m_LocalScale.x
      value: 1.7820914
      objectReference: {fileID: 0}
    - target: {fileID: 4213247520254764433, guid: 61e1f835841bbb54ba602c6bd1651834,
        type: 3}
      propertyPath: m_LocalScale.y
      value: 1.707605
      objectReference: {fileID: 0}
    - target: {fileID: 4213247520254764433, guid: 61e1f835841bbb54ba602c6bd1651834,
        type: 3}
      propertyPath: m_LocalPosition.x
      value: 0.6755
      objectReference: {fileID: 0}
    - target: {fileID: 4213247520254764433, guid: 61e1f835841bbb54ba602c6bd1651834,
        type: 3}
      propertyPath: m_LocalPosition.y
      value: -0.6544
      objectReference: {fileID: 0}
    - target: {fileID: 4213247520254764433, guid: 61e1f835841bbb54ba602c6bd1651834,
        type: 3}
      propertyPath: m_LocalPosition.z
      value: -0.01
      objectReference: {fileID: 0}
    - target: {fileID: 4213247520254764433, guid: 61e1f835841bbb54ba602c6bd1651834,
        type: 3}
      propertyPath: m_LocalRotation.w
      value: 1
      objectReference: {fileID: 0}
    - target: {fileID: 4213247520254764433, guid: 61e1f835841bbb54ba602c6bd1651834,
        type: 3}
      propertyPath: m_LocalRotation.x
      value: 0
      objectReference: {fileID: 0}
    - target: {fileID: 4213247520254764433, guid: 61e1f835841bbb54ba602c6bd1651834,
        type: 3}
      propertyPath: m_LocalRotation.y
      value: 0
      objectReference: {fileID: 0}
    - target: {fileID: 4213247520254764433, guid: 61e1f835841bbb54ba602c6bd1651834,
        type: 3}
      propertyPath: m_LocalRotation.z
      value: 0
      objectReference: {fileID: 0}
    - target: {fileID: 4213247520254764433, guid: 61e1f835841bbb54ba602c6bd1651834,
        type: 3}
      propertyPath: m_LocalEulerAnglesHint.x
      value: 0
      objectReference: {fileID: 0}
    - target: {fileID: 4213247520254764433, guid: 61e1f835841bbb54ba602c6bd1651834,
        type: 3}
      propertyPath: m_LocalEulerAnglesHint.y
      value: 0
      objectReference: {fileID: 0}
    - target: {fileID: 4213247520254764433, guid: 61e1f835841bbb54ba602c6bd1651834,
        type: 3}
      propertyPath: m_LocalEulerAnglesHint.z
      value: 0
      objectReference: {fileID: 0}
    - target: {fileID: 4213247520254764444, guid: 61e1f835841bbb54ba602c6bd1651834,
        type: 3}
      propertyPath: m_Name
      value: Gold Large (4)
      objectReference: {fileID: 0}
    - target: {fileID: 4213247520254764444, guid: 61e1f835841bbb54ba602c6bd1651834,
        type: 3}
      propertyPath: m_IsActive
      value: 1
      objectReference: {fileID: 0}
    m_RemovedComponents: []
  m_SourcePrefab: {fileID: 100100000, guid: 61e1f835841bbb54ba602c6bd1651834, type: 3}
--- !u!4 &7412583266690165228 stripped
Transform:
  m_CorrespondingSourceObject: {fileID: 4213247520254764433, guid: 61e1f835841bbb54ba602c6bd1651834,
    type: 3}
  m_PrefabInstance: {fileID: 6676234024513883261}
  m_PrefabAsset: {fileID: 0}
--- !u!1001 &6676234025119448535
PrefabInstance:
  m_ObjectHideFlags: 0
  serializedVersion: 2
  m_Modification:
    m_TransformParent: {fileID: 2056764099668184756}
    m_Modifications:
    - target: {fileID: 6268603993516446372, guid: 2e7ba0eb5d8ff194585116b0af65fb41,
        type: 3}
      propertyPath: m_Name
      value: Stone Small (7)
      objectReference: {fileID: 0}
    - target: {fileID: 6268603993516446372, guid: 2e7ba0eb5d8ff194585116b0af65fb41,
        type: 3}
      propertyPath: m_IsActive
      value: 1
      objectReference: {fileID: 0}
    - target: {fileID: 6268603993516446377, guid: 2e7ba0eb5d8ff194585116b0af65fb41,
        type: 3}
      propertyPath: m_RootOrder
      value: 6
      objectReference: {fileID: 0}
    - target: {fileID: 6268603993516446377, guid: 2e7ba0eb5d8ff194585116b0af65fb41,
        type: 3}
      propertyPath: m_LocalScale.x
      value: 1.7820914
      objectReference: {fileID: 0}
    - target: {fileID: 6268603993516446377, guid: 2e7ba0eb5d8ff194585116b0af65fb41,
        type: 3}
      propertyPath: m_LocalScale.y
      value: 1.707605
      objectReference: {fileID: 0}
    - target: {fileID: 6268603993516446377, guid: 2e7ba0eb5d8ff194585116b0af65fb41,
        type: 3}
      propertyPath: m_LocalPosition.x
      value: 4.8723
      objectReference: {fileID: 0}
    - target: {fileID: 6268603993516446377, guid: 2e7ba0eb5d8ff194585116b0af65fb41,
        type: 3}
      propertyPath: m_LocalPosition.y
      value: 0.0883
      objectReference: {fileID: 0}
    - target: {fileID: 6268603993516446377, guid: 2e7ba0eb5d8ff194585116b0af65fb41,
        type: 3}
      propertyPath: m_LocalPosition.z
      value: -0.01
      objectReference: {fileID: 0}
    - target: {fileID: 6268603993516446377, guid: 2e7ba0eb5d8ff194585116b0af65fb41,
        type: 3}
      propertyPath: m_LocalRotation.w
      value: 1
      objectReference: {fileID: 0}
    - target: {fileID: 6268603993516446377, guid: 2e7ba0eb5d8ff194585116b0af65fb41,
        type: 3}
      propertyPath: m_LocalRotation.x
      value: 0
      objectReference: {fileID: 0}
    - target: {fileID: 6268603993516446377, guid: 2e7ba0eb5d8ff194585116b0af65fb41,
        type: 3}
      propertyPath: m_LocalRotation.y
      value: 0
      objectReference: {fileID: 0}
    - target: {fileID: 6268603993516446377, guid: 2e7ba0eb5d8ff194585116b0af65fb41,
        type: 3}
      propertyPath: m_LocalRotation.z
      value: 0
      objectReference: {fileID: 0}
    - target: {fileID: 6268603993516446377, guid: 2e7ba0eb5d8ff194585116b0af65fb41,
        type: 3}
      propertyPath: m_LocalEulerAnglesHint.x
      value: 0
      objectReference: {fileID: 0}
    - target: {fileID: 6268603993516446377, guid: 2e7ba0eb5d8ff194585116b0af65fb41,
        type: 3}
      propertyPath: m_LocalEulerAnglesHint.y
      value: 0
      objectReference: {fileID: 0}
    - target: {fileID: 6268603993516446377, guid: 2e7ba0eb5d8ff194585116b0af65fb41,
        type: 3}
      propertyPath: m_LocalEulerAnglesHint.z
      value: 0
      objectReference: {fileID: 0}
    m_RemovedComponents: []
  m_SourcePrefab: {fileID: 100100000, guid: 2e7ba0eb5d8ff194585116b0af65fb41, type: 3}
--- !u!4 &745400060534747006 stripped
Transform:
  m_CorrespondingSourceObject: {fileID: 6268603993516446377, guid: 2e7ba0eb5d8ff194585116b0af65fb41,
    type: 3}
  m_PrefabInstance: {fileID: 6676234025119448535}
  m_PrefabAsset: {fileID: 0}
--- !u!1001 &6676234025534579977
PrefabInstance:
  m_ObjectHideFlags: 0
  serializedVersion: 2
  m_Modification:
    m_TransformParent: {fileID: 2056764099668184756}
    m_Modifications:
    - target: {fileID: 4116627413283346390, guid: c5055a199086d4a46941e6bc2b3cb200,
        type: 3}
      propertyPath: m_RootOrder
      value: 2
      objectReference: {fileID: 0}
    - target: {fileID: 4116627413283346390, guid: c5055a199086d4a46941e6bc2b3cb200,
        type: 3}
      propertyPath: m_LocalScale.x
      value: 1.7820914
      objectReference: {fileID: 0}
    - target: {fileID: 4116627413283346390, guid: c5055a199086d4a46941e6bc2b3cb200,
        type: 3}
      propertyPath: m_LocalScale.y
      value: 1.707605
      objectReference: {fileID: 0}
    - target: {fileID: 4116627413283346390, guid: c5055a199086d4a46941e6bc2b3cb200,
        type: 3}
      propertyPath: m_LocalPosition.x
      value: 1.2012
      objectReference: {fileID: 0}
    - target: {fileID: 4116627413283346390, guid: c5055a199086d4a46941e6bc2b3cb200,
        type: 3}
      propertyPath: m_LocalPosition.y
      value: 1.6679
      objectReference: {fileID: 0}
    - target: {fileID: 4116627413283346390, guid: c5055a199086d4a46941e6bc2b3cb200,
        type: 3}
      propertyPath: m_LocalPosition.z
      value: -0.01
      objectReference: {fileID: 0}
    - target: {fileID: 4116627413283346390, guid: c5055a199086d4a46941e6bc2b3cb200,
        type: 3}
      propertyPath: m_LocalRotation.w
      value: 1
      objectReference: {fileID: 0}
    - target: {fileID: 4116627413283346390, guid: c5055a199086d4a46941e6bc2b3cb200,
        type: 3}
      propertyPath: m_LocalRotation.x
      value: 0
      objectReference: {fileID: 0}
    - target: {fileID: 4116627413283346390, guid: c5055a199086d4a46941e6bc2b3cb200,
        type: 3}
      propertyPath: m_LocalRotation.y
      value: 0
      objectReference: {fileID: 0}
    - target: {fileID: 4116627413283346390, guid: c5055a199086d4a46941e6bc2b3cb200,
        type: 3}
      propertyPath: m_LocalRotation.z
      value: 0
      objectReference: {fileID: 0}
    - target: {fileID: 4116627413283346390, guid: c5055a199086d4a46941e6bc2b3cb200,
        type: 3}
      propertyPath: m_LocalEulerAnglesHint.x
      value: 0
      objectReference: {fileID: 0}
    - target: {fileID: 4116627413283346390, guid: c5055a199086d4a46941e6bc2b3cb200,
        type: 3}
      propertyPath: m_LocalEulerAnglesHint.y
      value: 0
      objectReference: {fileID: 0}
    - target: {fileID: 4116627413283346390, guid: c5055a199086d4a46941e6bc2b3cb200,
        type: 3}
      propertyPath: m_LocalEulerAnglesHint.z
      value: 0
      objectReference: {fileID: 0}
    - target: {fileID: 4116627413283346395, guid: c5055a199086d4a46941e6bc2b3cb200,
        type: 3}
      propertyPath: m_Name
      value: Gold Small
      objectReference: {fileID: 0}
    - target: {fileID: 4116627413283346395, guid: c5055a199086d4a46941e6bc2b3cb200,
        type: 3}
      propertyPath: m_IsActive
      value: 1
      objectReference: {fileID: 0}
    m_RemovedComponents: []
  m_SourcePrefab: {fileID: 100100000, guid: c5055a199086d4a46941e6bc2b3cb200, type: 3}
--- !u!4 &7315971885403927263 stripped
Transform:
  m_CorrespondingSourceObject: {fileID: 4116627413283346390, guid: c5055a199086d4a46941e6bc2b3cb200,
    type: 3}
  m_PrefabInstance: {fileID: 6676234025534579977}
  m_PrefabAsset: {fileID: 0}
--- !u!1001 &6676234025808128394
PrefabInstance:
  m_ObjectHideFlags: 0
  serializedVersion: 2
  m_Modification:
    m_TransformParent: {fileID: 2056764099668184756}
    m_Modifications:
    - target: {fileID: 929992641055090229, guid: 203d77f8f3728cc4bbad9da590b91673,
        type: 3}
      propertyPath: m_RootOrder
      value: 3
      objectReference: {fileID: 0}
    - target: {fileID: 929992641055090229, guid: 203d77f8f3728cc4bbad9da590b91673,
        type: 3}
      propertyPath: m_LocalScale.x
      value: 1.7820914
      objectReference: {fileID: 0}
    - target: {fileID: 929992641055090229, guid: 203d77f8f3728cc4bbad9da590b91673,
        type: 3}
      propertyPath: m_LocalScale.y
      value: 1.707605
      objectReference: {fileID: 0}
    - target: {fileID: 929992641055090229, guid: 203d77f8f3728cc4bbad9da590b91673,
        type: 3}
      propertyPath: m_LocalPosition.x
      value: 8.6859
      objectReference: {fileID: 0}
    - target: {fileID: 929992641055090229, guid: 203d77f8f3728cc4bbad9da590b91673,
        type: 3}
      propertyPath: m_LocalPosition.y
      value: -1.1156
      objectReference: {fileID: 0}
    - target: {fileID: 929992641055090229, guid: 203d77f8f3728cc4bbad9da590b91673,
        type: 3}
      propertyPath: m_LocalPosition.z
      value: -0.01
      objectReference: {fileID: 0}
    - target: {fileID: 929992641055090229, guid: 203d77f8f3728cc4bbad9da590b91673,
        type: 3}
      propertyPath: m_LocalRotation.w
      value: 1
      objectReference: {fileID: 0}
    - target: {fileID: 929992641055090229, guid: 203d77f8f3728cc4bbad9da590b91673,
        type: 3}
      propertyPath: m_LocalRotation.x
      value: 0
      objectReference: {fileID: 0}
    - target: {fileID: 929992641055090229, guid: 203d77f8f3728cc4bbad9da590b91673,
        type: 3}
      propertyPath: m_LocalRotation.y
      value: 0
      objectReference: {fileID: 0}
    - target: {fileID: 929992641055090229, guid: 203d77f8f3728cc4bbad9da590b91673,
        type: 3}
      propertyPath: m_LocalRotation.z
      value: 0
      objectReference: {fileID: 0}
    - target: {fileID: 929992641055090229, guid: 203d77f8f3728cc4bbad9da590b91673,
        type: 3}
      propertyPath: m_LocalEulerAnglesHint.x
      value: 0
      objectReference: {fileID: 0}
    - target: {fileID: 929992641055090229, guid: 203d77f8f3728cc4bbad9da590b91673,
        type: 3}
      propertyPath: m_LocalEulerAnglesHint.y
      value: 0
      objectReference: {fileID: 0}
    - target: {fileID: 929992641055090229, guid: 203d77f8f3728cc4bbad9da590b91673,
        type: 3}
      propertyPath: m_LocalEulerAnglesHint.z
      value: 0
      objectReference: {fileID: 0}
    - target: {fileID: 929992641055090232, guid: 203d77f8f3728cc4bbad9da590b91673,
        type: 3}
      propertyPath: m_Name
      value: Gold Medium (3)
      objectReference: {fileID: 0}
    - target: {fileID: 929992641055090232, guid: 203d77f8f3728cc4bbad9da590b91673,
        type: 3}
      propertyPath: m_IsActive
      value: 1
      objectReference: {fileID: 0}
    m_RemovedComponents: []
  m_SourcePrefab: {fileID: 100100000, guid: 203d77f8f3728cc4bbad9da590b91673, type: 3}
--- !u!4 &5782973869895421887 stripped
Transform:
  m_CorrespondingSourceObject: {fileID: 929992641055090229, guid: 203d77f8f3728cc4bbad9da590b91673,
    type: 3}
  m_PrefabInstance: {fileID: 6676234025808128394}
  m_PrefabAsset: {fileID: 0}
--- !u!1001 &6676234026109061724
PrefabInstance:
  m_ObjectHideFlags: 0
  serializedVersion: 2
  m_Modification:
    m_TransformParent: {fileID: 2056764099668184756}
    m_Modifications:
    - target: {fileID: 6268603993516446372, guid: 2e7ba0eb5d8ff194585116b0af65fb41,
        type: 3}
      propertyPath: m_Name
      value: Stone Small (1)
      objectReference: {fileID: 0}
    - target: {fileID: 6268603993516446372, guid: 2e7ba0eb5d8ff194585116b0af65fb41,
        type: 3}
      propertyPath: m_IsActive
      value: 1
      objectReference: {fileID: 0}
    - target: {fileID: 6268603993516446377, guid: 2e7ba0eb5d8ff194585116b0af65fb41,
        type: 3}
      propertyPath: m_RootOrder
      value: 7
      objectReference: {fileID: 0}
    - target: {fileID: 6268603993516446377, guid: 2e7ba0eb5d8ff194585116b0af65fb41,
        type: 3}
      propertyPath: m_LocalScale.x
      value: 1.7820914
      objectReference: {fileID: 0}
    - target: {fileID: 6268603993516446377, guid: 2e7ba0eb5d8ff194585116b0af65fb41,
        type: 3}
      propertyPath: m_LocalScale.y
      value: 1.707605
      objectReference: {fileID: 0}
    - target: {fileID: 6268603993516446377, guid: 2e7ba0eb5d8ff194585116b0af65fb41,
        type: 3}
      propertyPath: m_LocalPosition.x
      value: 3.2417
      objectReference: {fileID: 0}
    - target: {fileID: 6268603993516446377, guid: 2e7ba0eb5d8ff194585116b0af65fb41,
        type: 3}
      propertyPath: m_LocalPosition.y
      value: 0.8397
      objectReference: {fileID: 0}
    - target: {fileID: 6268603993516446377, guid: 2e7ba0eb5d8ff194585116b0af65fb41,
        type: 3}
      propertyPath: m_LocalPosition.z
      value: -0.01
      objectReference: {fileID: 0}
    - target: {fileID: 6268603993516446377, guid: 2e7ba0eb5d8ff194585116b0af65fb41,
        type: 3}
      propertyPath: m_LocalRotation.w
      value: 1
      objectReference: {fileID: 0}
    - target: {fileID: 6268603993516446377, guid: 2e7ba0eb5d8ff194585116b0af65fb41,
        type: 3}
      propertyPath: m_LocalRotation.x
      value: 0
      objectReference: {fileID: 0}
    - target: {fileID: 6268603993516446377, guid: 2e7ba0eb5d8ff194585116b0af65fb41,
        type: 3}
      propertyPath: m_LocalRotation.y
      value: 0
      objectReference: {fileID: 0}
    - target: {fileID: 6268603993516446377, guid: 2e7ba0eb5d8ff194585116b0af65fb41,
        type: 3}
      propertyPath: m_LocalRotation.z
      value: 0
      objectReference: {fileID: 0}
    - target: {fileID: 6268603993516446377, guid: 2e7ba0eb5d8ff194585116b0af65fb41,
        type: 3}
      propertyPath: m_LocalEulerAnglesHint.x
      value: 0
      objectReference: {fileID: 0}
    - target: {fileID: 6268603993516446377, guid: 2e7ba0eb5d8ff194585116b0af65fb41,
        type: 3}
      propertyPath: m_LocalEulerAnglesHint.y
      value: 0
      objectReference: {fileID: 0}
    - target: {fileID: 6268603993516446377, guid: 2e7ba0eb5d8ff194585116b0af65fb41,
        type: 3}
      propertyPath: m_LocalEulerAnglesHint.z
      value: 0
      objectReference: {fileID: 0}
    m_RemovedComponents: []
  m_SourcePrefab: {fileID: 100100000, guid: 2e7ba0eb5d8ff194585116b0af65fb41, type: 3}
--- !u!4 &745400060618987765 stripped
Transform:
  m_CorrespondingSourceObject: {fileID: 6268603993516446377, guid: 2e7ba0eb5d8ff194585116b0af65fb41,
    type: 3}
  m_PrefabInstance: {fileID: 6676234026109061724}
  m_PrefabAsset: {fileID: 0}
--- !u!1001 &8459660756483141378
PrefabInstance:
  m_ObjectHideFlags: 0
  serializedVersion: 2
  m_Modification:
    m_TransformParent: {fileID: 2056764099668184756}
    m_Modifications:
    - target: {fileID: 6156982131813864258, guid: a25cfb94f0f73ba4fae7215af21c0e05,
        type: 3}
      propertyPath: m_RootOrder
      value: 1
      objectReference: {fileID: 0}
    - target: {fileID: 6156982131813864258, guid: a25cfb94f0f73ba4fae7215af21c0e05,
        type: 3}
      propertyPath: m_LocalScale.x
      value: 0.5
      objectReference: {fileID: 0}
    - target: {fileID: 6156982131813864258, guid: a25cfb94f0f73ba4fae7215af21c0e05,
        type: 3}
      propertyPath: m_LocalScale.y
      value: 0.5
      objectReference: {fileID: 0}
    - target: {fileID: 6156982131813864258, guid: a25cfb94f0f73ba4fae7215af21c0e05,
        type: 3}
      propertyPath: m_LocalScale.z
      value: 0.5
      objectReference: {fileID: 0}
    - target: {fileID: 6156982131813864258, guid: a25cfb94f0f73ba4fae7215af21c0e05,
        type: 3}
      propertyPath: m_LocalPosition.x
      value: -4.5103
      objectReference: {fileID: 0}
    - target: {fileID: 6156982131813864258, guid: a25cfb94f0f73ba4fae7215af21c0e05,
        type: 3}
      propertyPath: m_LocalPosition.y
      value: 0.8141
      objectReference: {fileID: 0}
    - target: {fileID: 6156982131813864258, guid: a25cfb94f0f73ba4fae7215af21c0e05,
        type: 3}
      propertyPath: m_LocalPosition.z
      value: -0.01
      objectReference: {fileID: 0}
    - target: {fileID: 6156982131813864258, guid: a25cfb94f0f73ba4fae7215af21c0e05,
        type: 3}
      propertyPath: m_LocalRotation.w
      value: 1
      objectReference: {fileID: 0}
    - target: {fileID: 6156982131813864258, guid: a25cfb94f0f73ba4fae7215af21c0e05,
        type: 3}
      propertyPath: m_LocalRotation.x
      value: 0
      objectReference: {fileID: 0}
    - target: {fileID: 6156982131813864258, guid: a25cfb94f0f73ba4fae7215af21c0e05,
        type: 3}
      propertyPath: m_LocalRotation.y
      value: 0
      objectReference: {fileID: 0}
    - target: {fileID: 6156982131813864258, guid: a25cfb94f0f73ba4fae7215af21c0e05,
        type: 3}
      propertyPath: m_LocalRotation.z
      value: 0
      objectReference: {fileID: 0}
    - target: {fileID: 6156982131813864258, guid: a25cfb94f0f73ba4fae7215af21c0e05,
        type: 3}
      propertyPath: m_LocalEulerAnglesHint.x
      value: 0
      objectReference: {fileID: 0}
    - target: {fileID: 6156982131813864258, guid: a25cfb94f0f73ba4fae7215af21c0e05,
        type: 3}
      propertyPath: m_LocalEulerAnglesHint.y
      value: 0
      objectReference: {fileID: 0}
    - target: {fileID: 6156982131813864258, guid: a25cfb94f0f73ba4fae7215af21c0e05,
        type: 3}
      propertyPath: m_LocalEulerAnglesHint.z
      value: 0
      objectReference: {fileID: 0}
    - target: {fileID: 6156982131813864265, guid: a25cfb94f0f73ba4fae7215af21c0e05,
        type: 3}
      propertyPath: m_Name
      value: Diamond
      objectReference: {fileID: 0}
    m_RemovedComponents: []
  m_SourcePrefab: {fileID: 100100000, guid: a25cfb94f0f73ba4fae7215af21c0e05, type: 3}
--- !u!4 &2312385119258426432 stripped
Transform:
  m_CorrespondingSourceObject: {fileID: 6156982131813864258, guid: a25cfb94f0f73ba4fae7215af21c0e05,
    type: 3}
  m_PrefabInstance: {fileID: 8459660756483141378}
  m_PrefabAsset: {fileID: 0}
--- !u!1001 &8506608840821747472
PrefabInstance:
  m_ObjectHideFlags: 0
  serializedVersion: 2
  m_Modification:
    m_TransformParent: {fileID: 2056764099668184756}
    m_Modifications:
    - target: {fileID: 6268603993516446372, guid: 2e7ba0eb5d8ff194585116b0af65fb41,
        type: 3}
      propertyPath: m_Name
      value: Stone Small (2)
      objectReference: {fileID: 0}
    - target: {fileID: 6268603993516446372, guid: 2e7ba0eb5d8ff194585116b0af65fb41,
        type: 3}
      propertyPath: m_IsActive
      value: 1
      objectReference: {fileID: 0}
    - target: {fileID: 6268603993516446377, guid: 2e7ba0eb5d8ff194585116b0af65fb41,
        type: 3}
      propertyPath: m_RootOrder
      value: 15
      objectReference: {fileID: 0}
    - target: {fileID: 6268603993516446377, guid: 2e7ba0eb5d8ff194585116b0af65fb41,
        type: 3}
      propertyPath: m_LocalScale.x
      value: 1.7820914
      objectReference: {fileID: 0}
    - target: {fileID: 6268603993516446377, guid: 2e7ba0eb5d8ff194585116b0af65fb41,
        type: 3}
      propertyPath: m_LocalScale.y
      value: 1.707605
      objectReference: {fileID: 0}
    - target: {fileID: 6268603993516446377, guid: 2e7ba0eb5d8ff194585116b0af65fb41,
        type: 3}
      propertyPath: m_LocalPosition.x
      value: 2.2705
      objectReference: {fileID: 0}
    - target: {fileID: 6268603993516446377, guid: 2e7ba0eb5d8ff194585116b0af65fb41,
        type: 3}
      propertyPath: m_LocalPosition.y
      value: -2.2596
      objectReference: {fileID: 0}
    - target: {fileID: 6268603993516446377, guid: 2e7ba0eb5d8ff194585116b0af65fb41,
        type: 3}
      propertyPath: m_LocalPosition.z
      value: -0.01
      objectReference: {fileID: 0}
    - target: {fileID: 6268603993516446377, guid: 2e7ba0eb5d8ff194585116b0af65fb41,
        type: 3}
      propertyPath: m_LocalRotation.w
      value: 1
      objectReference: {fileID: 0}
    - target: {fileID: 6268603993516446377, guid: 2e7ba0eb5d8ff194585116b0af65fb41,
        type: 3}
      propertyPath: m_LocalRotation.x
      value: 0
      objectReference: {fileID: 0}
    - target: {fileID: 6268603993516446377, guid: 2e7ba0eb5d8ff194585116b0af65fb41,
        type: 3}
      propertyPath: m_LocalRotation.y
      value: 0
      objectReference: {fileID: 0}
    - target: {fileID: 6268603993516446377, guid: 2e7ba0eb5d8ff194585116b0af65fb41,
        type: 3}
      propertyPath: m_LocalRotation.z
      value: 0
      objectReference: {fileID: 0}
    - target: {fileID: 6268603993516446377, guid: 2e7ba0eb5d8ff194585116b0af65fb41,
        type: 3}
      propertyPath: m_LocalEulerAnglesHint.x
      value: 0
      objectReference: {fileID: 0}
    - target: {fileID: 6268603993516446377, guid: 2e7ba0eb5d8ff194585116b0af65fb41,
        type: 3}
      propertyPath: m_LocalEulerAnglesHint.y
      value: 0
      objectReference: {fileID: 0}
    - target: {fileID: 6268603993516446377, guid: 2e7ba0eb5d8ff194585116b0af65fb41,
        type: 3}
      propertyPath: m_LocalEulerAnglesHint.z
      value: 0
      objectReference: {fileID: 0}
    m_RemovedComponents: []
  m_SourcePrefab: {fileID: 100100000, guid: 2e7ba0eb5d8ff194585116b0af65fb41, type: 3}
--- !u!4 &2374247704160386489 stripped
Transform:
  m_CorrespondingSourceObject: {fileID: 6268603993516446377, guid: 2e7ba0eb5d8ff194585116b0af65fb41,
    type: 3}
  m_PrefabInstance: {fileID: 8506608840821747472}
  m_PrefabAsset: {fileID: 0}
