%YAML 1.1
%TAG !u! tag:unity3d.com,2011:
--- !u!1 &7466982407926202642
GameObject:
  m_ObjectHideFlags: 0
  m_CorrespondingSourceObject: {fileID: 0}
  m_PrefabInstance: {fileID: 0}
  m_PrefabAsset: {fileID: 0}
  serializedVersion: 6
  m_Component:
  - component: {fileID: 7466982407926202641}
  m_Layer: 0
  m_Name: Level Viking 6
  m_TagString: Untagged
  m_Icon: {fileID: 0}
  m_NavMeshLayer: 0
  m_StaticEditorFlags: 0
  m_IsActive: 1
--- !u!4 &7466982407926202641
Transform:
  m_ObjectHideFlags: 0
  m_CorrespondingSourceObject: {fileID: 0}
  m_PrefabInstance: {fileID: 0}
  m_PrefabAsset: {fileID: 0}
  m_GameObject: {fileID: 7466982407926202642}
  m_LocalRotation: {x: 0, y: 0, z: 0, w: 1}
  m_LocalPosition: {x: 0, y: 0, z: 0}
  m_LocalScale: {x: 1, y: 1, z: 1}
  m_Children:
  - {fileID: 560274681434269270}
  - {fileID: 560274681140726006}
  - {fileID: 1708475553487756514}
  - {fileID: 1708475553202040643}
  - {fileID: 1708475553881015161}
  - {fileID: 1708475553504235789}
  - {fileID: 1507859150294988393}
  - {fileID: 1507859150289708506}
  - {fileID: 1507859151358118547}
  - {fileID: 7411463227439615680}
  - {fileID: 5606982447634964416}
  - {fileID: 5606982446928371639}
  - {fileID: 8676753929537796270}
  - {fileID: 8676753930005750281}
  - {fileID: 9157492453399680534}
  - {fileID: 560274681723617684}
  - {fileID: 560274682620861177}
  - {fileID: 1181939063885084362}
  - {fileID: 1187658611100403347}
  - {fileID: 8959574426670136304}
  - {fileID: 8603824354645678125}
  - {fileID: 6894847151138917819}
  m_Father: {fileID: 0}
  m_RootOrder: 0
  m_LocalEulerAnglesHint: {x: 0, y: 0, z: 0}
--- !u!1001 &404837953798515183
PrefabInstance:
  m_ObjectHideFlags: 0
  serializedVersion: 2
  m_Modification:
    m_TransformParent: {fileID: 7466982407926202641}
    m_Modifications:
    - target: {fileID: 7152995425394960164, guid: ee3a29fcbd218a642a0d142d6318360d,
        type: 3}
      propertyPath: m_Name
      value: Diamond Small
      objectReference: {fileID: 0}
    - target: {fileID: 7152995425394960164, guid: ee3a29fcbd218a642a0d142d6318360d,
        type: 3}
      propertyPath: m_IsActive
      value: 1
      objectReference: {fileID: 0}
    - target: {fileID: 7152995425394960175, guid: ee3a29fcbd218a642a0d142d6318360d,
        type: 3}
      propertyPath: m_RootOrder
      value: 9
      objectReference: {fileID: 0}
    - target: {fileID: 7152995425394960175, guid: ee3a29fcbd218a642a0d142d6318360d,
        type: 3}
      propertyPath: m_LocalScale.x
      value: 0.5
      objectReference: {fileID: 0}
    - target: {fileID: 7152995425394960175, guid: ee3a29fcbd218a642a0d142d6318360d,
        type: 3}
      propertyPath: m_LocalScale.y
      value: 0.5
      objectReference: {fileID: 0}
    - target: {fileID: 7152995425394960175, guid: ee3a29fcbd218a642a0d142d6318360d,
        type: 3}
      propertyPath: m_LocalPosition.x
      value: -0.6684
      objectReference: {fileID: 0}
    - target: {fileID: 7152995425394960175, guid: ee3a29fcbd218a642a0d142d6318360d,
        type: 3}
      propertyPath: m_LocalPosition.y
      value: 1.9807
      objectReference: {fileID: 0}
    - target: {fileID: 7152995425394960175, guid: ee3a29fcbd218a642a0d142d6318360d,
        type: 3}
      propertyPath: m_LocalPosition.z
      value: -0.01
      objectReference: {fileID: 0}
    - target: {fileID: 7152995425394960175, guid: ee3a29fcbd218a642a0d142d6318360d,
        type: 3}
      propertyPath: m_LocalRotation.w
      value: 1
      objectReference: {fileID: 0}
    - target: {fileID: 7152995425394960175, guid: ee3a29fcbd218a642a0d142d6318360d,
        type: 3}
      propertyPath: m_LocalRotation.x
      value: -0
      objectReference: {fileID: 0}
    - target: {fileID: 7152995425394960175, guid: ee3a29fcbd218a642a0d142d6318360d,
        type: 3}
      propertyPath: m_LocalRotation.y
      value: -0
      objectReference: {fileID: 0}
    - target: {fileID: 7152995425394960175, guid: ee3a29fcbd218a642a0d142d6318360d,
        type: 3}
      propertyPath: m_LocalRotation.z
      value: -0
      objectReference: {fileID: 0}
    - target: {fileID: 7152995425394960175, guid: ee3a29fcbd218a642a0d142d6318360d,
        type: 3}
      propertyPath: m_LocalEulerAnglesHint.x
      value: 0
      objectReference: {fileID: 0}
    - target: {fileID: 7152995425394960175, guid: ee3a29fcbd218a642a0d142d6318360d,
        type: 3}
      propertyPath: m_LocalEulerAnglesHint.y
      value: 0
      objectReference: {fileID: 0}
    - target: {fileID: 7152995425394960175, guid: ee3a29fcbd218a642a0d142d6318360d,
        type: 3}
      propertyPath: m_LocalEulerAnglesHint.z
      value: 0
      objectReference: {fileID: 0}
    m_RemovedComponents: []
  m_SourcePrefab: {fileID: 100100000, guid: ee3a29fcbd218a642a0d142d6318360d, type: 3}
--- !u!4 &7411463227439615680 stripped
Transform:
  m_CorrespondingSourceObject: {fileID: 7152995425394960175, guid: ee3a29fcbd218a642a0d142d6318360d,
    type: 3}
  m_PrefabInstance: {fileID: 404837953798515183}
  m_PrefabAsset: {fileID: 0}
--- !u!1001 &3356461160989922296
PrefabInstance:
  m_ObjectHideFlags: 0
  serializedVersion: 2
  m_Modification:
    m_TransformParent: {fileID: 7466982407926202641}
    m_Modifications:
    - target: {fileID: 4213247520254764433, guid: 61e1f835841bbb54ba602c6bd1651834,
        type: 3}
      propertyPath: m_RootOrder
      value: 6
      objectReference: {fileID: 0}
    - target: {fileID: 4213247520254764433, guid: 61e1f835841bbb54ba602c6bd1651834,
        type: 3}
      propertyPath: m_LocalScale.x
      value: 1.7398287
      objectReference: {fileID: 0}
    - target: {fileID: 4213247520254764433, guid: 61e1f835841bbb54ba602c6bd1651834,
        type: 3}
      propertyPath: m_LocalScale.y
      value: 1.7649122
      objectReference: {fileID: 0}
    - target: {fileID: 4213247520254764433, guid: 61e1f835841bbb54ba602c6bd1651834,
        type: 3}
      propertyPath: m_LocalPosition.x
      value: 4.6986
      objectReference: {fileID: 0}
    - target: {fileID: 4213247520254764433, guid: 61e1f835841bbb54ba602c6bd1651834,
        type: 3}
      propertyPath: m_LocalPosition.y
      value: 2.1043
      objectReference: {fileID: 0}
    - target: {fileID: 4213247520254764433, guid: 61e1f835841bbb54ba602c6bd1651834,
        type: 3}
      propertyPath: m_LocalPosition.z
      value: -0.01
      objectReference: {fileID: 0}
    - target: {fileID: 4213247520254764433, guid: 61e1f835841bbb54ba602c6bd1651834,
        type: 3}
      propertyPath: m_LocalRotation.w
      value: 1
      objectReference: {fileID: 0}
    - target: {fileID: 4213247520254764433, guid: 61e1f835841bbb54ba602c6bd1651834,
        type: 3}
      propertyPath: m_LocalRotation.x
      value: 0
      objectReference: {fileID: 0}
    - target: {fileID: 4213247520254764433, guid: 61e1f835841bbb54ba602c6bd1651834,
        type: 3}
      propertyPath: m_LocalRotation.y
      value: 0
      objectReference: {fileID: 0}
    - target: {fileID: 4213247520254764433, guid: 61e1f835841bbb54ba602c6bd1651834,
        type: 3}
      propertyPath: m_LocalRotation.z
      value: 0
      objectReference: {fileID: 0}
    - target: {fileID: 4213247520254764433, guid: 61e1f835841bbb54ba602c6bd1651834,
        type: 3}
      propertyPath: m_LocalEulerAnglesHint.x
      value: 0
      objectReference: {fileID: 0}
    - target: {fileID: 4213247520254764433, guid: 61e1f835841bbb54ba602c6bd1651834,
        type: 3}
      propertyPath: m_LocalEulerAnglesHint.y
      value: 0
      objectReference: {fileID: 0}
    - target: {fileID: 4213247520254764433, guid: 61e1f835841bbb54ba602c6bd1651834,
        type: 3}
      propertyPath: m_LocalEulerAnglesHint.z
      value: 0
      objectReference: {fileID: 0}
    - target: {fileID: 4213247520254764444, guid: 61e1f835841bbb54ba602c6bd1651834,
        type: 3}
      propertyPath: m_Name
      value: Gold Large (2)
      objectReference: {fileID: 0}
    - target: {fileID: 4213247520254764444, guid: 61e1f835841bbb54ba602c6bd1651834,
        type: 3}
      propertyPath: m_IsActive
      value: 1
      objectReference: {fileID: 0}
    m_RemovedComponents: []
  m_SourcePrefab: {fileID: 100100000, guid: 61e1f835841bbb54ba602c6bd1651834, type: 3}
--- !u!4 &1507859150294988393 stripped
Transform:
  m_CorrespondingSourceObject: {fileID: 4213247520254764433, guid: 61e1f835841bbb54ba602c6bd1651834,
    type: 3}
  m_PrefabInstance: {fileID: 3356461160989922296}
  m_PrefabAsset: {fileID: 0}
--- !u!1001 &3356461160999387211
PrefabInstance:
  m_ObjectHideFlags: 0
  serializedVersion: 2
  m_Modification:
    m_TransformParent: {fileID: 7466982407926202641}
    m_Modifications:
    - target: {fileID: 4213247520254764433, guid: 61e1f835841bbb54ba602c6bd1651834,
        type: 3}
      propertyPath: m_RootOrder
      value: 7
      objectReference: {fileID: 0}
    - target: {fileID: 4213247520254764433, guid: 61e1f835841bbb54ba602c6bd1651834,
        type: 3}
      propertyPath: m_LocalScale.x
      value: 1.7398287
      objectReference: {fileID: 0}
    - target: {fileID: 4213247520254764433, guid: 61e1f835841bbb54ba602c6bd1651834,
        type: 3}
      propertyPath: m_LocalScale.y
      value: 1.7649122
      objectReference: {fileID: 0}
    - target: {fileID: 4213247520254764433, guid: 61e1f835841bbb54ba602c6bd1651834,
        type: 3}
      propertyPath: m_LocalPosition.x
      value: 7.8475
      objectReference: {fileID: 0}
    - target: {fileID: 4213247520254764433, guid: 61e1f835841bbb54ba602c6bd1651834,
        type: 3}
      propertyPath: m_LocalPosition.y
      value: 0.1542
      objectReference: {fileID: 0}
    - target: {fileID: 4213247520254764433, guid: 61e1f835841bbb54ba602c6bd1651834,
        type: 3}
      propertyPath: m_LocalPosition.z
      value: -0.01
      objectReference: {fileID: 0}
    - target: {fileID: 4213247520254764433, guid: 61e1f835841bbb54ba602c6bd1651834,
        type: 3}
      propertyPath: m_LocalRotation.w
      value: 1
      objectReference: {fileID: 0}
    - target: {fileID: 4213247520254764433, guid: 61e1f835841bbb54ba602c6bd1651834,
        type: 3}
      propertyPath: m_LocalRotation.x
      value: 0
      objectReference: {fileID: 0}
    - target: {fileID: 4213247520254764433, guid: 61e1f835841bbb54ba602c6bd1651834,
        type: 3}
      propertyPath: m_LocalRotation.y
      value: 0
      objectReference: {fileID: 0}
    - target: {fileID: 4213247520254764433, guid: 61e1f835841bbb54ba602c6bd1651834,
        type: 3}
      propertyPath: m_LocalRotation.z
      value: 0
      objectReference: {fileID: 0}
    - target: {fileID: 4213247520254764433, guid: 61e1f835841bbb54ba602c6bd1651834,
        type: 3}
      propertyPath: m_LocalEulerAnglesHint.x
      value: 0
      objectReference: {fileID: 0}
    - target: {fileID: 4213247520254764433, guid: 61e1f835841bbb54ba602c6bd1651834,
        type: 3}
      propertyPath: m_LocalEulerAnglesHint.y
      value: 0
      objectReference: {fileID: 0}
    - target: {fileID: 4213247520254764433, guid: 61e1f835841bbb54ba602c6bd1651834,
        type: 3}
      propertyPath: m_LocalEulerAnglesHint.z
      value: 0
      objectReference: {fileID: 0}
    - target: {fileID: 4213247520254764444, guid: 61e1f835841bbb54ba602c6bd1651834,
        type: 3}
      propertyPath: m_Name
      value: Gold Large (4)
      objectReference: {fileID: 0}
    - target: {fileID: 4213247520254764444, guid: 61e1f835841bbb54ba602c6bd1651834,
        type: 3}
      propertyPath: m_IsActive
      value: 1
      objectReference: {fileID: 0}
    m_RemovedComponents: []
  m_SourcePrefab: {fileID: 100100000, guid: 61e1f835841bbb54ba602c6bd1651834, type: 3}
--- !u!4 &1507859150289708506 stripped
Transform:
  m_CorrespondingSourceObject: {fileID: 4213247520254764433, guid: 61e1f835841bbb54ba602c6bd1651834,
    type: 3}
  m_PrefabInstance: {fileID: 3356461160999387211}
  m_PrefabAsset: {fileID: 0}
--- !u!1001 &3356461161123945528
PrefabInstance:
  m_ObjectHideFlags: 0
  serializedVersion: 2
  m_Modification:
    m_TransformParent: {fileID: 7466982407926202641}
    m_Modifications:
    - target: {fileID: 2977712226111650403, guid: 088332f981ce5fe41ad2f639e8dc6330,
        type: 3}
      propertyPath: m_Name
      value: Stone Large
      objectReference: {fileID: 0}
    - target: {fileID: 2977712226111650403, guid: 088332f981ce5fe41ad2f639e8dc6330,
        type: 3}
      propertyPath: m_IsActive
      value: 1
      objectReference: {fileID: 0}
    - target: {fileID: 2977712226111650414, guid: 088332f981ce5fe41ad2f639e8dc6330,
        type: 3}
      propertyPath: m_RootOrder
      value: 0
      objectReference: {fileID: 0}
    - target: {fileID: 2977712226111650414, guid: 088332f981ce5fe41ad2f639e8dc6330,
        type: 3}
      propertyPath: m_LocalScale.x
      value: 1.7398287
      objectReference: {fileID: 0}
    - target: {fileID: 2977712226111650414, guid: 088332f981ce5fe41ad2f639e8dc6330,
        type: 3}
      propertyPath: m_LocalScale.y
      value: 1.7649122
      objectReference: {fileID: 0}
    - target: {fileID: 2977712226111650414, guid: 088332f981ce5fe41ad2f639e8dc6330,
        type: 3}
      propertyPath: m_LocalPosition.x
      value: -2.8605
      objectReference: {fileID: 0}
    - target: {fileID: 2977712226111650414, guid: 088332f981ce5fe41ad2f639e8dc6330,
        type: 3}
      propertyPath: m_LocalPosition.y
      value: 3.7279
      objectReference: {fileID: 0}
    - target: {fileID: 2977712226111650414, guid: 088332f981ce5fe41ad2f639e8dc6330,
        type: 3}
      propertyPath: m_LocalPosition.z
      value: -0.01
      objectReference: {fileID: 0}
    - target: {fileID: 2977712226111650414, guid: 088332f981ce5fe41ad2f639e8dc6330,
        type: 3}
      propertyPath: m_LocalRotation.w
      value: 1
      objectReference: {fileID: 0}
    - target: {fileID: 2977712226111650414, guid: 088332f981ce5fe41ad2f639e8dc6330,
        type: 3}
      propertyPath: m_LocalRotation.x
      value: 0
      objectReference: {fileID: 0}
    - target: {fileID: 2977712226111650414, guid: 088332f981ce5fe41ad2f639e8dc6330,
        type: 3}
      propertyPath: m_LocalRotation.y
      value: 0
      objectReference: {fileID: 0}
    - target: {fileID: 2977712226111650414, guid: 088332f981ce5fe41ad2f639e8dc6330,
        type: 3}
      propertyPath: m_LocalRotation.z
      value: 0
      objectReference: {fileID: 0}
    - target: {fileID: 2977712226111650414, guid: 088332f981ce5fe41ad2f639e8dc6330,
        type: 3}
      propertyPath: m_LocalEulerAnglesHint.x
      value: 0
      objectReference: {fileID: 0}
    - target: {fileID: 2977712226111650414, guid: 088332f981ce5fe41ad2f639e8dc6330,
        type: 3}
      propertyPath: m_LocalEulerAnglesHint.y
      value: 0
      objectReference: {fileID: 0}
    - target: {fileID: 2977712226111650414, guid: 088332f981ce5fe41ad2f639e8dc6330,
        type: 3}
      propertyPath: m_LocalEulerAnglesHint.z
      value: 0
      objectReference: {fileID: 0}
    m_RemovedComponents: []
  m_SourcePrefab: {fileID: 100100000, guid: 088332f981ce5fe41ad2f639e8dc6330, type: 3}
--- !u!4 &560274681434269270 stripped
Transform:
  m_CorrespondingSourceObject: {fileID: 2977712226111650414, guid: 088332f981ce5fe41ad2f639e8dc6330,
    type: 3}
  m_PrefabInstance: {fileID: 3356461161123945528}
  m_PrefabAsset: {fileID: 0}
--- !u!1001 &3356461161346239284
PrefabInstance:
  m_ObjectHideFlags: 0
  serializedVersion: 2
  m_Modification:
    m_TransformParent: {fileID: 7466982407926202641}
    m_Modifications:
    - target: {fileID: 4116627413283346390, guid: c5055a199086d4a46941e6bc2b3cb200,
        type: 3}
      propertyPath: m_RootOrder
      value: 2
      objectReference: {fileID: 0}
    - target: {fileID: 4116627413283346390, guid: c5055a199086d4a46941e6bc2b3cb200,
        type: 3}
      propertyPath: m_LocalScale.x
      value: 1.7398287
      objectReference: {fileID: 0}
    - target: {fileID: 4116627413283346390, guid: c5055a199086d4a46941e6bc2b3cb200,
        type: 3}
      propertyPath: m_LocalScale.y
      value: 1.7649122
      objectReference: {fileID: 0}
    - target: {fileID: 4116627413283346390, guid: c5055a199086d4a46941e6bc2b3cb200,
        type: 3}
      propertyPath: m_LocalPosition.x
      value: 0.5494
      objectReference: {fileID: 0}
    - target: {fileID: 4116627413283346390, guid: c5055a199086d4a46941e6bc2b3cb200,
        type: 3}
      propertyPath: m_LocalPosition.y
      value: 2.4307
      objectReference: {fileID: 0}
    - target: {fileID: 4116627413283346390, guid: c5055a199086d4a46941e6bc2b3cb200,
        type: 3}
      propertyPath: m_LocalPosition.z
      value: -0.01
      objectReference: {fileID: 0}
    - target: {fileID: 4116627413283346390, guid: c5055a199086d4a46941e6bc2b3cb200,
        type: 3}
      propertyPath: m_LocalRotation.w
      value: 1
      objectReference: {fileID: 0}
    - target: {fileID: 4116627413283346390, guid: c5055a199086d4a46941e6bc2b3cb200,
        type: 3}
      propertyPath: m_LocalRotation.x
      value: 0
      objectReference: {fileID: 0}
    - target: {fileID: 4116627413283346390, guid: c5055a199086d4a46941e6bc2b3cb200,
        type: 3}
      propertyPath: m_LocalRotation.y
      value: 0
      objectReference: {fileID: 0}
    - target: {fileID: 4116627413283346390, guid: c5055a199086d4a46941e6bc2b3cb200,
        type: 3}
      propertyPath: m_LocalRotation.z
      value: 0
      objectReference: {fileID: 0}
    - target: {fileID: 4116627413283346390, guid: c5055a199086d4a46941e6bc2b3cb200,
        type: 3}
      propertyPath: m_LocalEulerAnglesHint.x
      value: 0
      objectReference: {fileID: 0}
    - target: {fileID: 4116627413283346390, guid: c5055a199086d4a46941e6bc2b3cb200,
        type: 3}
      propertyPath: m_LocalEulerAnglesHint.y
      value: 0
      objectReference: {fileID: 0}
    - target: {fileID: 4116627413283346390, guid: c5055a199086d4a46941e6bc2b3cb200,
        type: 3}
      propertyPath: m_LocalEulerAnglesHint.z
      value: 0
      objectReference: {fileID: 0}
    - target: {fileID: 4116627413283346395, guid: c5055a199086d4a46941e6bc2b3cb200,
        type: 3}
      propertyPath: m_Name
      value: Gold Small (1)
      objectReference: {fileID: 0}
    - target: {fileID: 4116627413283346395, guid: c5055a199086d4a46941e6bc2b3cb200,
        type: 3}
      propertyPath: m_IsActive
      value: 1
      objectReference: {fileID: 0}
    m_RemovedComponents: []
  m_SourcePrefab: {fileID: 100100000, guid: c5055a199086d4a46941e6bc2b3cb200, type: 3}
--- !u!4 &1708475553487756514 stripped
Transform:
  m_CorrespondingSourceObject: {fileID: 4116627413283346390, guid: c5055a199086d4a46941e6bc2b3cb200,
    type: 3}
  m_PrefabInstance: {fileID: 3356461161346239284}
  m_PrefabAsset: {fileID: 0}
--- !u!1001 &3356461161350840102
PrefabInstance:
  m_ObjectHideFlags: 0
  serializedVersion: 2
  m_Modification:
    m_TransformParent: {fileID: 7466982407926202641}
    m_Modifications:
    - target: {fileID: 6481356127730968320, guid: 1506eeaa1e8c49849bb6d0cf35cf6314,
        type: 3}
      propertyPath: m_Name
      value: Bone 8
      objectReference: {fileID: 0}
    - target: {fileID: 6481356127730968331, guid: 1506eeaa1e8c49849bb6d0cf35cf6314,
        type: 3}
      propertyPath: m_RootOrder
      value: 20
      objectReference: {fileID: 0}
    - target: {fileID: 6481356127730968331, guid: 1506eeaa1e8c49849bb6d0cf35cf6314,
        type: 3}
      propertyPath: m_LocalScale.x
      value: 0.75
      objectReference: {fileID: 0}
    - target: {fileID: 6481356127730968331, guid: 1506eeaa1e8c49849bb6d0cf35cf6314,
        type: 3}
      propertyPath: m_LocalScale.y
      value: 0.75
      objectReference: {fileID: 0}
    - target: {fileID: 6481356127730968331, guid: 1506eeaa1e8c49849bb6d0cf35cf6314,
        type: 3}
      propertyPath: m_LocalPosition.x
      value: 1.4191
      objectReference: {fileID: 0}
    - target: {fileID: 6481356127730968331, guid: 1506eeaa1e8c49849bb6d0cf35cf6314,
        type: 3}
      propertyPath: m_LocalPosition.y
      value: -1.3723
      objectReference: {fileID: 0}
    - target: {fileID: 6481356127730968331, guid: 1506eeaa1e8c49849bb6d0cf35cf6314,
        type: 3}
      propertyPath: m_LocalPosition.z
      value: -0.01
      objectReference: {fileID: 0}
    - target: {fileID: 6481356127730968331, guid: 1506eeaa1e8c49849bb6d0cf35cf6314,
        type: 3}
      propertyPath: m_LocalRotation.w
      value: 1
      objectReference: {fileID: 0}
    - target: {fileID: 6481356127730968331, guid: 1506eeaa1e8c49849bb6d0cf35cf6314,
        type: 3}
      propertyPath: m_LocalRotation.x
      value: 0
      objectReference: {fileID: 0}
    - target: {fileID: 6481356127730968331, guid: 1506eeaa1e8c49849bb6d0cf35cf6314,
        type: 3}
      propertyPath: m_LocalRotation.y
      value: 0
      objectReference: {fileID: 0}
    - target: {fileID: 6481356127730968331, guid: 1506eeaa1e8c49849bb6d0cf35cf6314,
        type: 3}
      propertyPath: m_LocalRotation.z
      value: 0
      objectReference: {fileID: 0}
    - target: {fileID: 6481356127730968331, guid: 1506eeaa1e8c49849bb6d0cf35cf6314,
        type: 3}
      propertyPath: m_LocalEulerAnglesHint.x
      value: 0
      objectReference: {fileID: 0}
    - target: {fileID: 6481356127730968331, guid: 1506eeaa1e8c49849bb6d0cf35cf6314,
        type: 3}
      propertyPath: m_LocalEulerAnglesHint.y
      value: 0
      objectReference: {fileID: 0}
    - target: {fileID: 6481356127730968331, guid: 1506eeaa1e8c49849bb6d0cf35cf6314,
        type: 3}
      propertyPath: m_LocalEulerAnglesHint.z
      value: 0
      objectReference: {fileID: 0}
    m_RemovedComponents: []
  m_SourcePrefab: {fileID: 100100000, guid: 1506eeaa1e8c49849bb6d0cf35cf6314, type: 3}
--- !u!4 &8603824354645678125 stripped
Transform:
  m_CorrespondingSourceObject: {fileID: 6481356127730968331, guid: 1506eeaa1e8c49849bb6d0cf35cf6314,
    type: 3}
  m_PrefabInstance: {fileID: 3356461161350840102}
  m_PrefabAsset: {fileID: 0}
--- !u!1001 &3356461161384063640
PrefabInstance:
  m_ObjectHideFlags: 0
  serializedVersion: 2
  m_Modification:
    m_TransformParent: {fileID: 7466982407926202641}
    m_Modifications:
    - target: {fileID: 2977712226111650403, guid: 088332f981ce5fe41ad2f639e8dc6330,
        type: 3}
      propertyPath: m_Name
      value: Stone Large (1)
      objectReference: {fileID: 0}
    - target: {fileID: 2977712226111650403, guid: 088332f981ce5fe41ad2f639e8dc6330,
        type: 3}
      propertyPath: m_IsActive
      value: 1
      objectReference: {fileID: 0}
    - target: {fileID: 2977712226111650414, guid: 088332f981ce5fe41ad2f639e8dc6330,
        type: 3}
      propertyPath: m_RootOrder
      value: 1
      objectReference: {fileID: 0}
    - target: {fileID: 2977712226111650414, guid: 088332f981ce5fe41ad2f639e8dc6330,
        type: 3}
      propertyPath: m_LocalScale.x
      value: 1.7398287
      objectReference: {fileID: 0}
    - target: {fileID: 2977712226111650414, guid: 088332f981ce5fe41ad2f639e8dc6330,
        type: 3}
      propertyPath: m_LocalScale.y
      value: 1.7649122
      objectReference: {fileID: 0}
    - target: {fileID: 2977712226111650414, guid: 088332f981ce5fe41ad2f639e8dc6330,
        type: 3}
      propertyPath: m_LocalPosition.x
      value: -1.6339
      objectReference: {fileID: 0}
    - target: {fileID: 2977712226111650414, guid: 088332f981ce5fe41ad2f639e8dc6330,
        type: 3}
      propertyPath: m_LocalPosition.y
      value: 0.0659
      objectReference: {fileID: 0}
    - target: {fileID: 2977712226111650414, guid: 088332f981ce5fe41ad2f639e8dc6330,
        type: 3}
      propertyPath: m_LocalPosition.z
      value: -0.01
      objectReference: {fileID: 0}
    - target: {fileID: 2977712226111650414, guid: 088332f981ce5fe41ad2f639e8dc6330,
        type: 3}
      propertyPath: m_LocalRotation.w
      value: 1
      objectReference: {fileID: 0}
    - target: {fileID: 2977712226111650414, guid: 088332f981ce5fe41ad2f639e8dc6330,
        type: 3}
      propertyPath: m_LocalRotation.x
      value: 0
      objectReference: {fileID: 0}
    - target: {fileID: 2977712226111650414, guid: 088332f981ce5fe41ad2f639e8dc6330,
        type: 3}
      propertyPath: m_LocalRotation.y
      value: 0
      objectReference: {fileID: 0}
    - target: {fileID: 2977712226111650414, guid: 088332f981ce5fe41ad2f639e8dc6330,
        type: 3}
      propertyPath: m_LocalRotation.z
      value: 0
      objectReference: {fileID: 0}
    - target: {fileID: 2977712226111650414, guid: 088332f981ce5fe41ad2f639e8dc6330,
        type: 3}
      propertyPath: m_LocalEulerAnglesHint.x
      value: 0
      objectReference: {fileID: 0}
    - target: {fileID: 2977712226111650414, guid: 088332f981ce5fe41ad2f639e8dc6330,
        type: 3}
      propertyPath: m_LocalEulerAnglesHint.y
      value: 0
      objectReference: {fileID: 0}
    - target: {fileID: 2977712226111650414, guid: 088332f981ce5fe41ad2f639e8dc6330,
        type: 3}
      propertyPath: m_LocalEulerAnglesHint.z
      value: 0
      objectReference: {fileID: 0}
    m_RemovedComponents: []
  m_SourcePrefab: {fileID: 100100000, guid: 088332f981ce5fe41ad2f639e8dc6330, type: 3}
--- !u!4 &560274681140726006 stripped
Transform:
  m_CorrespondingSourceObject: {fileID: 2977712226111650414, guid: 088332f981ce5fe41ad2f639e8dc6330,
    type: 3}
  m_PrefabInstance: {fileID: 3356461161384063640}
  m_PrefabAsset: {fileID: 0}
--- !u!1001 &3356461161396340443
PrefabInstance:
  m_ObjectHideFlags: 0
  serializedVersion: 2
  m_Modification:
    m_TransformParent: {fileID: 7466982407926202641}
    m_Modifications:
    - target: {fileID: 4116627413283346390, guid: c5055a199086d4a46941e6bc2b3cb200,
        type: 3}
      propertyPath: m_RootOrder
      value: 5
      objectReference: {fileID: 0}
    - target: {fileID: 4116627413283346390, guid: c5055a199086d4a46941e6bc2b3cb200,
        type: 3}
      propertyPath: m_LocalScale.x
      value: 1.7398287
      objectReference: {fileID: 0}
    - target: {fileID: 4116627413283346390, guid: c5055a199086d4a46941e6bc2b3cb200,
        type: 3}
      propertyPath: m_LocalScale.y
      value: 1.7649122
      objectReference: {fileID: 0}
    - target: {fileID: 4116627413283346390, guid: c5055a199086d4a46941e6bc2b3cb200,
        type: 3}
      propertyPath: m_LocalPosition.x
      value: 9.2219
      objectReference: {fileID: 0}
    - target: {fileID: 4116627413283346390, guid: c5055a199086d4a46941e6bc2b3cb200,
        type: 3}
      propertyPath: m_LocalPosition.y
      value: 2.819
      objectReference: {fileID: 0}
    - target: {fileID: 4116627413283346390, guid: c5055a199086d4a46941e6bc2b3cb200,
        type: 3}
      propertyPath: m_LocalPosition.z
      value: -0.01
      objectReference: {fileID: 0}
    - target: {fileID: 4116627413283346390, guid: c5055a199086d4a46941e6bc2b3cb200,
        type: 3}
      propertyPath: m_LocalRotation.w
      value: 1
      objectReference: {fileID: 0}
    - target: {fileID: 4116627413283346390, guid: c5055a199086d4a46941e6bc2b3cb200,
        type: 3}
      propertyPath: m_LocalRotation.x
      value: 0
      objectReference: {fileID: 0}
    - target: {fileID: 4116627413283346390, guid: c5055a199086d4a46941e6bc2b3cb200,
        type: 3}
      propertyPath: m_LocalRotation.y
      value: 0
      objectReference: {fileID: 0}
    - target: {fileID: 4116627413283346390, guid: c5055a199086d4a46941e6bc2b3cb200,
        type: 3}
      propertyPath: m_LocalRotation.z
      value: 0
      objectReference: {fileID: 0}
    - target: {fileID: 4116627413283346390, guid: c5055a199086d4a46941e6bc2b3cb200,
        type: 3}
      propertyPath: m_LocalEulerAnglesHint.x
      value: 0
      objectReference: {fileID: 0}
    - target: {fileID: 4116627413283346390, guid: c5055a199086d4a46941e6bc2b3cb200,
        type: 3}
      propertyPath: m_LocalEulerAnglesHint.y
      value: 0
      objectReference: {fileID: 0}
    - target: {fileID: 4116627413283346390, guid: c5055a199086d4a46941e6bc2b3cb200,
        type: 3}
      propertyPath: m_LocalEulerAnglesHint.z
      value: 0
      objectReference: {fileID: 0}
    - target: {fileID: 4116627413283346395, guid: c5055a199086d4a46941e6bc2b3cb200,
        type: 3}
      propertyPath: m_Name
      value: Gold Small (4)
      objectReference: {fileID: 0}
    - target: {fileID: 4116627413283346395, guid: c5055a199086d4a46941e6bc2b3cb200,
        type: 3}
      propertyPath: m_IsActive
      value: 1
      objectReference: {fileID: 0}
    m_RemovedComponents: []
  m_SourcePrefab: {fileID: 100100000, guid: c5055a199086d4a46941e6bc2b3cb200, type: 3}
--- !u!4 &1708475553504235789 stripped
Transform:
  m_CorrespondingSourceObject: {fileID: 4116627413283346390, guid: c5055a199086d4a46941e6bc2b3cb200,
    type: 3}
  m_PrefabInstance: {fileID: 3356461161396340443}
  m_PrefabAsset: {fileID: 0}
--- !u!1001 &3356461161518705159
PrefabInstance:
  m_ObjectHideFlags: 0
  serializedVersion: 2
  m_Modification:
    m_TransformParent: {fileID: 7466982407926202641}
    m_Modifications:
    - target: {fileID: 6268603993516446372, guid: 2e7ba0eb5d8ff194585116b0af65fb41,
        type: 3}
      propertyPath: m_Name
      value: Stone Small (1)
      objectReference: {fileID: 0}
    - target: {fileID: 6268603993516446377, guid: 2e7ba0eb5d8ff194585116b0af65fb41,
        type: 3}
      propertyPath: m_RootOrder
      value: 12
      objectReference: {fileID: 0}
    - target: {fileID: 6268603993516446377, guid: 2e7ba0eb5d8ff194585116b0af65fb41,
        type: 3}
      propertyPath: m_LocalScale.x
      value: 1.7398287
      objectReference: {fileID: 0}
    - target: {fileID: 6268603993516446377, guid: 2e7ba0eb5d8ff194585116b0af65fb41,
        type: 3}
      propertyPath: m_LocalScale.y
      value: 1.7649122
      objectReference: {fileID: 0}
    - target: {fileID: 6268603993516446377, guid: 2e7ba0eb5d8ff194585116b0af65fb41,
        type: 3}
      propertyPath: m_LocalPosition.x
      value: 4.8986
      objectReference: {fileID: 0}
    - target: {fileID: 6268603993516446377, guid: 2e7ba0eb5d8ff194585116b0af65fb41,
        type: 3}
      propertyPath: m_LocalPosition.y
      value: 0.4807
      objectReference: {fileID: 0}
    - target: {fileID: 6268603993516446377, guid: 2e7ba0eb5d8ff194585116b0af65fb41,
        type: 3}
      propertyPath: m_LocalPosition.z
      value: -0.01
      objectReference: {fileID: 0}
    - target: {fileID: 6268603993516446377, guid: 2e7ba0eb5d8ff194585116b0af65fb41,
        type: 3}
      propertyPath: m_LocalRotation.w
      value: 1
      objectReference: {fileID: 0}
    - target: {fileID: 6268603993516446377, guid: 2e7ba0eb5d8ff194585116b0af65fb41,
        type: 3}
      propertyPath: m_LocalRotation.x
      value: 0
      objectReference: {fileID: 0}
    - target: {fileID: 6268603993516446377, guid: 2e7ba0eb5d8ff194585116b0af65fb41,
        type: 3}
      propertyPath: m_LocalRotation.y
      value: 0
      objectReference: {fileID: 0}
    - target: {fileID: 6268603993516446377, guid: 2e7ba0eb5d8ff194585116b0af65fb41,
        type: 3}
      propertyPath: m_LocalRotation.z
      value: 0
      objectReference: {fileID: 0}
    - target: {fileID: 6268603993516446377, guid: 2e7ba0eb5d8ff194585116b0af65fb41,
        type: 3}
      propertyPath: m_LocalEulerAnglesHint.x
      value: 0
      objectReference: {fileID: 0}
    - target: {fileID: 6268603993516446377, guid: 2e7ba0eb5d8ff194585116b0af65fb41,
        type: 3}
      propertyPath: m_LocalEulerAnglesHint.y
      value: 0
      objectReference: {fileID: 0}
    - target: {fileID: 6268603993516446377, guid: 2e7ba0eb5d8ff194585116b0af65fb41,
        type: 3}
      propertyPath: m_LocalEulerAnglesHint.z
      value: 0
      objectReference: {fileID: 0}
    m_RemovedComponents: []
  m_SourcePrefab: {fileID: 100100000, guid: 2e7ba0eb5d8ff194585116b0af65fb41, type: 3}
--- !u!4 &8676753929537796270 stripped
Transform:
  m_CorrespondingSourceObject: {fileID: 6268603993516446377, guid: 2e7ba0eb5d8ff194585116b0af65fb41,
    type: 3}
  m_PrefabInstance: {fileID: 3356461161518705159}
  m_PrefabAsset: {fileID: 0}
--- !u!1001 &3356461161773520047
PrefabInstance:
  m_ObjectHideFlags: 0
  serializedVersion: 2
  m_Modification:
    m_TransformParent: {fileID: 7466982407926202641}
    m_Modifications:
    - target: {fileID: 4116627413283346390, guid: c5055a199086d4a46941e6bc2b3cb200,
        type: 3}
      propertyPath: m_RootOrder
      value: 4
      objectReference: {fileID: 0}
    - target: {fileID: 4116627413283346390, guid: c5055a199086d4a46941e6bc2b3cb200,
        type: 3}
      propertyPath: m_LocalScale.x
      value: 1.7649122
      objectReference: {fileID: 0}
    - target: {fileID: 4116627413283346390, guid: c5055a199086d4a46941e6bc2b3cb200,
        type: 3}
      propertyPath: m_LocalScale.y
      value: 1.7398287
      objectReference: {fileID: 0}
    - target: {fileID: 4116627413283346390, guid: c5055a199086d4a46941e6bc2b3cb200,
        type: 3}
      propertyPath: m_LocalPosition.x
      value: 9.5089
      objectReference: {fileID: 0}
    - target: {fileID: 4116627413283346390, guid: c5055a199086d4a46941e6bc2b3cb200,
        type: 3}
      propertyPath: m_LocalPosition.y
      value: 4.5044
      objectReference: {fileID: 0}
    - target: {fileID: 4116627413283346390, guid: c5055a199086d4a46941e6bc2b3cb200,
        type: 3}
      propertyPath: m_LocalPosition.z
      value: -0.01
      objectReference: {fileID: 0}
    - target: {fileID: 4116627413283346390, guid: c5055a199086d4a46941e6bc2b3cb200,
        type: 3}
      propertyPath: m_LocalRotation.w
      value: 0.7836394
      objectReference: {fileID: 0}
    - target: {fileID: 4116627413283346390, guid: c5055a199086d4a46941e6bc2b3cb200,
        type: 3}
      propertyPath: m_LocalRotation.x
      value: 0
      objectReference: {fileID: 0}
    - target: {fileID: 4116627413283346390, guid: c5055a199086d4a46941e6bc2b3cb200,
        type: 3}
      propertyPath: m_LocalRotation.y
      value: 0
      objectReference: {fileID: 0}
    - target: {fileID: 4116627413283346390, guid: c5055a199086d4a46941e6bc2b3cb200,
        type: 3}
      propertyPath: m_LocalRotation.z
      value: -0.62121606
      objectReference: {fileID: 0}
    - target: {fileID: 4116627413283346390, guid: c5055a199086d4a46941e6bc2b3cb200,
        type: 3}
      propertyPath: m_LocalEulerAnglesHint.x
      value: 0
      objectReference: {fileID: 0}
    - target: {fileID: 4116627413283346390, guid: c5055a199086d4a46941e6bc2b3cb200,
        type: 3}
      propertyPath: m_LocalEulerAnglesHint.y
      value: 0
      objectReference: {fileID: 0}
    - target: {fileID: 4116627413283346390, guid: c5055a199086d4a46941e6bc2b3cb200,
        type: 3}
      propertyPath: m_LocalEulerAnglesHint.z
      value: -76.81
      objectReference: {fileID: 0}
    - target: {fileID: 4116627413283346395, guid: c5055a199086d4a46941e6bc2b3cb200,
        type: 3}
      propertyPath: m_Name
      value: Gold Small (3)
      objectReference: {fileID: 0}
    - target: {fileID: 4116627413283346395, guid: c5055a199086d4a46941e6bc2b3cb200,
        type: 3}
      propertyPath: m_IsActive
      value: 1
      objectReference: {fileID: 0}
    m_RemovedComponents: []
  m_SourcePrefab: {fileID: 100100000, guid: c5055a199086d4a46941e6bc2b3cb200, type: 3}
--- !u!4 &1708475553881015161 stripped
Transform:
  m_CorrespondingSourceObject: {fileID: 4116627413283346390, guid: c5055a199086d4a46941e6bc2b3cb200,
    type: 3}
  m_PrefabInstance: {fileID: 3356461161773520047}
  m_PrefabAsset: {fileID: 0}
--- !u!1001 &3356461162059931799
PrefabInstance:
  m_ObjectHideFlags: 0
  serializedVersion: 2
  m_Modification:
    m_TransformParent: {fileID: 7466982407926202641}
    m_Modifications:
    - target: {fileID: 2977712226111650403, guid: 088332f981ce5fe41ad2f639e8dc6330,
        type: 3}
      propertyPath: m_Name
      value: Stone Large (3)
      objectReference: {fileID: 0}
    - target: {fileID: 2977712226111650414, guid: 088332f981ce5fe41ad2f639e8dc6330,
        type: 3}
      propertyPath: m_RootOrder
      value: 16
      objectReference: {fileID: 0}
    - target: {fileID: 2977712226111650414, guid: 088332f981ce5fe41ad2f639e8dc6330,
        type: 3}
      propertyPath: m_LocalScale.x
      value: 1.7398287
      objectReference: {fileID: 0}
    - target: {fileID: 2977712226111650414, guid: 088332f981ce5fe41ad2f639e8dc6330,
        type: 3}
      propertyPath: m_LocalScale.y
      value: 1.7649122
      objectReference: {fileID: 0}
    - target: {fileID: 2977712226111650414, guid: 088332f981ce5fe41ad2f639e8dc6330,
        type: 3}
      propertyPath: m_LocalPosition.x
      value: 1.7932
      objectReference: {fileID: 0}
    - target: {fileID: 2977712226111650414, guid: 088332f981ce5fe41ad2f639e8dc6330,
        type: 3}
      propertyPath: m_LocalPosition.y
      value: 0.9131
      objectReference: {fileID: 0}
    - target: {fileID: 2977712226111650414, guid: 088332f981ce5fe41ad2f639e8dc6330,
        type: 3}
      propertyPath: m_LocalPosition.z
      value: -0.01
      objectReference: {fileID: 0}
    - target: {fileID: 2977712226111650414, guid: 088332f981ce5fe41ad2f639e8dc6330,
        type: 3}
      propertyPath: m_LocalRotation.w
      value: 1
      objectReference: {fileID: 0}
    - target: {fileID: 2977712226111650414, guid: 088332f981ce5fe41ad2f639e8dc6330,
        type: 3}
      propertyPath: m_LocalRotation.x
      value: 0
      objectReference: {fileID: 0}
    - target: {fileID: 2977712226111650414, guid: 088332f981ce5fe41ad2f639e8dc6330,
        type: 3}
      propertyPath: m_LocalRotation.y
      value: 0
      objectReference: {fileID: 0}
    - target: {fileID: 2977712226111650414, guid: 088332f981ce5fe41ad2f639e8dc6330,
        type: 3}
      propertyPath: m_LocalRotation.z
      value: 0
      objectReference: {fileID: 0}
    - target: {fileID: 2977712226111650414, guid: 088332f981ce5fe41ad2f639e8dc6330,
        type: 3}
      propertyPath: m_LocalEulerAnglesHint.x
      value: 0
      objectReference: {fileID: 0}
    - target: {fileID: 2977712226111650414, guid: 088332f981ce5fe41ad2f639e8dc6330,
        type: 3}
      propertyPath: m_LocalEulerAnglesHint.y
      value: 0
      objectReference: {fileID: 0}
    - target: {fileID: 2977712226111650414, guid: 088332f981ce5fe41ad2f639e8dc6330,
        type: 3}
      propertyPath: m_LocalEulerAnglesHint.z
      value: 0
      objectReference: {fileID: 0}
    m_RemovedComponents: []
  m_SourcePrefab: {fileID: 100100000, guid: 088332f981ce5fe41ad2f639e8dc6330, type: 3}
--- !u!4 &560274682620861177 stripped
Transform:
  m_CorrespondingSourceObject: {fileID: 2977712226111650414, guid: 088332f981ce5fe41ad2f639e8dc6330,
    type: 3}
  m_PrefabInstance: {fileID: 3356461162059931799}
  m_PrefabAsset: {fileID: 0}
--- !u!1001 &3356461162069847810
PrefabInstance:
  m_ObjectHideFlags: 0
  serializedVersion: 2
  m_Modification:
    m_TransformParent: {fileID: 7466982407926202641}
    m_Modifications:
    - target: {fileID: 4213247520254764433, guid: 61e1f835841bbb54ba602c6bd1651834,
        type: 3}
      propertyPath: m_RootOrder
      value: 8
      objectReference: {fileID: 0}
    - target: {fileID: 4213247520254764433, guid: 61e1f835841bbb54ba602c6bd1651834,
        type: 3}
      propertyPath: m_LocalScale.x
      value: 1.7398287
      objectReference: {fileID: 0}
    - target: {fileID: 4213247520254764433, guid: 61e1f835841bbb54ba602c6bd1651834,
        type: 3}
      propertyPath: m_LocalScale.y
      value: 1.7649122
      objectReference: {fileID: 0}
    - target: {fileID: 4213247520254764433, guid: 61e1f835841bbb54ba602c6bd1651834,
        type: 3}
      propertyPath: m_LocalPosition.x
      value: -3.2782
      objectReference: {fileID: 0}
    - target: {fileID: 4213247520254764433, guid: 61e1f835841bbb54ba602c6bd1651834,
        type: 3}
      propertyPath: m_LocalPosition.y
      value: -1.9459
      objectReference: {fileID: 0}
    - target: {fileID: 4213247520254764433, guid: 61e1f835841bbb54ba602c6bd1651834,
        type: 3}
      propertyPath: m_LocalPosition.z
      value: -0.01
      objectReference: {fileID: 0}
    - target: {fileID: 4213247520254764433, guid: 61e1f835841bbb54ba602c6bd1651834,
        type: 3}
      propertyPath: m_LocalRotation.w
      value: 1
      objectReference: {fileID: 0}
    - target: {fileID: 4213247520254764433, guid: 61e1f835841bbb54ba602c6bd1651834,
        type: 3}
      propertyPath: m_LocalRotation.x
      value: 0
      objectReference: {fileID: 0}
    - target: {fileID: 4213247520254764433, guid: 61e1f835841bbb54ba602c6bd1651834,
        type: 3}
      propertyPath: m_LocalRotation.y
      value: 0
      objectReference: {fileID: 0}
    - target: {fileID: 4213247520254764433, guid: 61e1f835841bbb54ba602c6bd1651834,
        type: 3}
      propertyPath: m_LocalRotation.z
      value: 0
      objectReference: {fileID: 0}
    - target: {fileID: 4213247520254764433, guid: 61e1f835841bbb54ba602c6bd1651834,
        type: 3}
      propertyPath: m_LocalEulerAnglesHint.x
      value: 0
      objectReference: {fileID: 0}
    - target: {fileID: 4213247520254764433, guid: 61e1f835841bbb54ba602c6bd1651834,
        type: 3}
      propertyPath: m_LocalEulerAnglesHint.y
      value: 0
      objectReference: {fileID: 0}
    - target: {fileID: 4213247520254764433, guid: 61e1f835841bbb54ba602c6bd1651834,
        type: 3}
      propertyPath: m_LocalEulerAnglesHint.z
      value: 0
      objectReference: {fileID: 0}
    - target: {fileID: 4213247520254764444, guid: 61e1f835841bbb54ba602c6bd1651834,
        type: 3}
      propertyPath: m_Name
      value: Gold Large (5)
      objectReference: {fileID: 0}
    - target: {fileID: 4213247520254764444, guid: 61e1f835841bbb54ba602c6bd1651834,
        type: 3}
      propertyPath: m_IsActive
      value: 1
      objectReference: {fileID: 0}
    m_RemovedComponents: []
  m_SourcePrefab: {fileID: 100100000, guid: 61e1f835841bbb54ba602c6bd1651834, type: 3}
--- !u!4 &1507859151358118547 stripped
Transform:
  m_CorrespondingSourceObject: {fileID: 4213247520254764433, guid: 61e1f835841bbb54ba602c6bd1651834,
    type: 3}
  m_PrefabInstance: {fileID: 3356461162069847810}
  m_PrefabAsset: {fileID: 0}
--- !u!1001 &3356461162107789766
PrefabInstance:
  m_ObjectHideFlags: 0
  serializedVersion: 2
  m_Modification:
    m_TransformParent: {fileID: 7466982407926202641}
    m_Modifications:
    - target: {fileID: 4536141829075326727, guid: 508ea0db7d3a4b24e8fd030f463db0d2,
        type: 3}
      propertyPath: m_Name
      value: Bone 4
      objectReference: {fileID: 0}
    - target: {fileID: 4536141829075326732, guid: 508ea0db7d3a4b24e8fd030f463db0d2,
        type: 3}
      propertyPath: m_RootOrder
      value: 17
      objectReference: {fileID: 0}
    - target: {fileID: 4536141829075326732, guid: 508ea0db7d3a4b24e8fd030f463db0d2,
        type: 3}
      propertyPath: m_LocalScale.x
      value: 0.75
      objectReference: {fileID: 0}
    - target: {fileID: 4536141829075326732, guid: 508ea0db7d3a4b24e8fd030f463db0d2,
        type: 3}
      propertyPath: m_LocalScale.y
      value: 0.75
      objectReference: {fileID: 0}
    - target: {fileID: 4536141829075326732, guid: 508ea0db7d3a4b24e8fd030f463db0d2,
        type: 3}
      propertyPath: m_LocalPosition.x
      value: 12.2056
      objectReference: {fileID: 0}
    - target: {fileID: 4536141829075326732, guid: 508ea0db7d3a4b24e8fd030f463db0d2,
        type: 3}
      propertyPath: m_LocalPosition.y
      value: 3.3043
      objectReference: {fileID: 0}
    - target: {fileID: 4536141829075326732, guid: 508ea0db7d3a4b24e8fd030f463db0d2,
        type: 3}
      propertyPath: m_LocalPosition.z
      value: -0.01
      objectReference: {fileID: 0}
    - target: {fileID: 4536141829075326732, guid: 508ea0db7d3a4b24e8fd030f463db0d2,
        type: 3}
      propertyPath: m_LocalRotation.w
      value: 1
      objectReference: {fileID: 0}
    - target: {fileID: 4536141829075326732, guid: 508ea0db7d3a4b24e8fd030f463db0d2,
        type: 3}
      propertyPath: m_LocalRotation.x
      value: 0
      objectReference: {fileID: 0}
    - target: {fileID: 4536141829075326732, guid: 508ea0db7d3a4b24e8fd030f463db0d2,
        type: 3}
      propertyPath: m_LocalRotation.y
      value: 0
      objectReference: {fileID: 0}
    - target: {fileID: 4536141829075326732, guid: 508ea0db7d3a4b24e8fd030f463db0d2,
        type: 3}
      propertyPath: m_LocalRotation.z
      value: 0
      objectReference: {fileID: 0}
    - target: {fileID: 4536141829075326732, guid: 508ea0db7d3a4b24e8fd030f463db0d2,
        type: 3}
      propertyPath: m_LocalEulerAnglesHint.x
      value: 0
      objectReference: {fileID: 0}
    - target: {fileID: 4536141829075326732, guid: 508ea0db7d3a4b24e8fd030f463db0d2,
        type: 3}
      propertyPath: m_LocalEulerAnglesHint.y
      value: 0
      objectReference: {fileID: 0}
    - target: {fileID: 4536141829075326732, guid: 508ea0db7d3a4b24e8fd030f463db0d2,
        type: 3}
      propertyPath: m_LocalEulerAnglesHint.z
      value: 0
      objectReference: {fileID: 0}
    m_RemovedComponents: []
  m_SourcePrefab: {fileID: 100100000, guid: 508ea0db7d3a4b24e8fd030f463db0d2, type: 3}
--- !u!4 &1181939063885084362 stripped
Transform:
  m_CorrespondingSourceObject: {fileID: 4536141829075326732, guid: 508ea0db7d3a4b24e8fd030f463db0d2,
    type: 3}
  m_PrefabInstance: {fileID: 3356461162107789766}
  m_PrefabAsset: {fileID: 0}
--- !u!1001 &3356461162116100256
PrefabInstance:
  m_ObjectHideFlags: 0
  serializedVersion: 2
  m_Modification:
    m_TransformParent: {fileID: 7466982407926202641}
    m_Modifications:
    - target: {fileID: 6268603993516446372, guid: 2e7ba0eb5d8ff194585116b0af65fb41,
        type: 3}
      propertyPath: m_Name
      value: Stone Small (2)
      objectReference: {fileID: 0}
    - target: {fileID: 6268603993516446377, guid: 2e7ba0eb5d8ff194585116b0af65fb41,
        type: 3}
      propertyPath: m_RootOrder
      value: 13
      objectReference: {fileID: 0}
    - target: {fileID: 6268603993516446377, guid: 2e7ba0eb5d8ff194585116b0af65fb41,
        type: 3}
      propertyPath: m_LocalScale.x
      value: 1.7398287
      objectReference: {fileID: 0}
    - target: {fileID: 6268603993516446377, guid: 2e7ba0eb5d8ff194585116b0af65fb41,
        type: 3}
      propertyPath: m_LocalScale.y
      value: 1.7649122
      objectReference: {fileID: 0}
    - target: {fileID: 6268603993516446377, guid: 2e7ba0eb5d8ff194585116b0af65fb41,
        type: 3}
      propertyPath: m_LocalPosition.x
      value: 3.3328
      objectReference: {fileID: 0}
    - target: {fileID: 6268603993516446377, guid: 2e7ba0eb5d8ff194585116b0af65fb41,
        type: 3}
      propertyPath: m_LocalPosition.y
      value: -2.0782
      objectReference: {fileID: 0}
    - target: {fileID: 6268603993516446377, guid: 2e7ba0eb5d8ff194585116b0af65fb41,
        type: 3}
      propertyPath: m_LocalPosition.z
      value: -0.01
      objectReference: {fileID: 0}
    - target: {fileID: 6268603993516446377, guid: 2e7ba0eb5d8ff194585116b0af65fb41,
        type: 3}
      propertyPath: m_LocalRotation.w
      value: 1
      objectReference: {fileID: 0}
    - target: {fileID: 6268603993516446377, guid: 2e7ba0eb5d8ff194585116b0af65fb41,
        type: 3}
      propertyPath: m_LocalRotation.x
      value: 0
      objectReference: {fileID: 0}
    - target: {fileID: 6268603993516446377, guid: 2e7ba0eb5d8ff194585116b0af65fb41,
        type: 3}
      propertyPath: m_LocalRotation.y
      value: 0
      objectReference: {fileID: 0}
    - target: {fileID: 6268603993516446377, guid: 2e7ba0eb5d8ff194585116b0af65fb41,
        type: 3}
      propertyPath: m_LocalRotation.z
      value: 0
      objectReference: {fileID: 0}
    - target: {fileID: 6268603993516446377, guid: 2e7ba0eb5d8ff194585116b0af65fb41,
        type: 3}
      propertyPath: m_LocalEulerAnglesHint.x
      value: 0
      objectReference: {fileID: 0}
    - target: {fileID: 6268603993516446377, guid: 2e7ba0eb5d8ff194585116b0af65fb41,
        type: 3}
      propertyPath: m_LocalEulerAnglesHint.y
      value: 0
      objectReference: {fileID: 0}
    - target: {fileID: 6268603993516446377, guid: 2e7ba0eb5d8ff194585116b0af65fb41,
        type: 3}
      propertyPath: m_LocalEulerAnglesHint.z
      value: 0
      objectReference: {fileID: 0}
    m_RemovedComponents: []
  m_SourcePrefab: {fileID: 100100000, guid: 2e7ba0eb5d8ff194585116b0af65fb41, type: 3}
--- !u!4 &8676753930005750281 stripped
Transform:
  m_CorrespondingSourceObject: {fileID: 6268603993516446377, guid: 2e7ba0eb5d8ff194585116b0af65fb41,
    type: 3}
  m_PrefabInstance: {fileID: 3356461162116100256}
  m_PrefabAsset: {fileID: 0}
--- !u!1001 &3356461162270619887
PrefabInstance:
  m_ObjectHideFlags: 0
  serializedVersion: 2
  m_Modification:
    m_TransformParent: {fileID: 7466982407926202641}
    m_Modifications:
    - target: {fileID: 7152995425394960164, guid: ee3a29fcbd218a642a0d142d6318360d,
        type: 3}
      propertyPath: m_Name
      value: Diamond Small (1)
      objectReference: {fileID: 0}
    - target: {fileID: 7152995425394960164, guid: ee3a29fcbd218a642a0d142d6318360d,
        type: 3}
      propertyPath: m_IsActive
      value: 1
      objectReference: {fileID: 0}
    - target: {fileID: 7152995425394960175, guid: ee3a29fcbd218a642a0d142d6318360d,
        type: 3}
      propertyPath: m_RootOrder
      value: 10
      objectReference: {fileID: 0}
    - target: {fileID: 7152995425394960175, guid: ee3a29fcbd218a642a0d142d6318360d,
        type: 3}
      propertyPath: m_LocalScale.x
      value: 0.5
      objectReference: {fileID: 0}
    - target: {fileID: 7152995425394960175, guid: ee3a29fcbd218a642a0d142d6318360d,
        type: 3}
      propertyPath: m_LocalScale.y
      value: 0.5
      objectReference: {fileID: 0}
    - target: {fileID: 7152995425394960175, guid: ee3a29fcbd218a642a0d142d6318360d,
        type: 3}
      propertyPath: m_LocalPosition.x
      value: 0.6364
      objectReference: {fileID: 0}
    - target: {fileID: 7152995425394960175, guid: ee3a29fcbd218a642a0d142d6318360d,
        type: 3}
      propertyPath: m_LocalPosition.y
      value: -1.1958
      objectReference: {fileID: 0}
    - target: {fileID: 7152995425394960175, guid: ee3a29fcbd218a642a0d142d6318360d,
        type: 3}
      propertyPath: m_LocalPosition.z
      value: -0.01
      objectReference: {fileID: 0}
    - target: {fileID: 7152995425394960175, guid: ee3a29fcbd218a642a0d142d6318360d,
        type: 3}
      propertyPath: m_LocalRotation.w
      value: 1
      objectReference: {fileID: 0}
    - target: {fileID: 7152995425394960175, guid: ee3a29fcbd218a642a0d142d6318360d,
        type: 3}
      propertyPath: m_LocalRotation.x
      value: -0
      objectReference: {fileID: 0}
    - target: {fileID: 7152995425394960175, guid: ee3a29fcbd218a642a0d142d6318360d,
        type: 3}
      propertyPath: m_LocalRotation.y
      value: -0
      objectReference: {fileID: 0}
    - target: {fileID: 7152995425394960175, guid: ee3a29fcbd218a642a0d142d6318360d,
        type: 3}
      propertyPath: m_LocalRotation.z
      value: -0
      objectReference: {fileID: 0}
    - target: {fileID: 7152995425394960175, guid: ee3a29fcbd218a642a0d142d6318360d,
        type: 3}
      propertyPath: m_LocalEulerAnglesHint.x
      value: 0
      objectReference: {fileID: 0}
    - target: {fileID: 7152995425394960175, guid: ee3a29fcbd218a642a0d142d6318360d,
        type: 3}
      propertyPath: m_LocalEulerAnglesHint.y
      value: 0
      objectReference: {fileID: 0}
    - target: {fileID: 7152995425394960175, guid: ee3a29fcbd218a642a0d142d6318360d,
        type: 3}
      propertyPath: m_LocalEulerAnglesHint.z
      value: 0
      objectReference: {fileID: 0}
    m_RemovedComponents: []
  m_SourcePrefab: {fileID: 100100000, guid: ee3a29fcbd218a642a0d142d6318360d, type: 3}
--- !u!4 &5606982447634964416 stripped
Transform:
  m_CorrespondingSourceObject: {fileID: 7152995425394960175, guid: ee3a29fcbd218a642a0d142d6318360d,
    type: 3}
  m_PrefabInstance: {fileID: 3356461162270619887}
  m_PrefabAsset: {fileID: 0}
--- !u!1001 &3356461162344831712
PrefabInstance:
  m_ObjectHideFlags: 0
  serializedVersion: 2
  m_Modification:
    m_TransformParent: {fileID: 7466982407926202641}
    m_Modifications:
    - target: {fileID: 5963406769239466256, guid: 409f76cff30036044bf8ec3bd4a988ef,
        type: 3}
      propertyPath: m_RootOrder
      value: 19
      objectReference: {fileID: 0}
    - target: {fileID: 5963406769239466256, guid: 409f76cff30036044bf8ec3bd4a988ef,
        type: 3}
      propertyPath: m_LocalScale.x
      value: 0.75
      objectReference: {fileID: 0}
    - target: {fileID: 5963406769239466256, guid: 409f76cff30036044bf8ec3bd4a988ef,
        type: 3}
      propertyPath: m_LocalScale.y
      value: 0.75
      objectReference: {fileID: 0}
    - target: {fileID: 5963406769239466256, guid: 409f76cff30036044bf8ec3bd4a988ef,
        type: 3}
      propertyPath: m_LocalPosition.x
      value: 9.4829
      objectReference: {fileID: 0}
    - target: {fileID: 5963406769239466256, guid: 409f76cff30036044bf8ec3bd4a988ef,
        type: 3}
      propertyPath: m_LocalPosition.y
      value: -1.3723
      objectReference: {fileID: 0}
    - target: {fileID: 5963406769239466256, guid: 409f76cff30036044bf8ec3bd4a988ef,
        type: 3}
      propertyPath: m_LocalPosition.z
      value: -0.01
      objectReference: {fileID: 0}
    - target: {fileID: 5963406769239466256, guid: 409f76cff30036044bf8ec3bd4a988ef,
        type: 3}
      propertyPath: m_LocalRotation.w
      value: 1
      objectReference: {fileID: 0}
    - target: {fileID: 5963406769239466256, guid: 409f76cff30036044bf8ec3bd4a988ef,
        type: 3}
      propertyPath: m_LocalRotation.x
      value: 0
      objectReference: {fileID: 0}
    - target: {fileID: 5963406769239466256, guid: 409f76cff30036044bf8ec3bd4a988ef,
        type: 3}
      propertyPath: m_LocalRotation.y
      value: 0
      objectReference: {fileID: 0}
    - target: {fileID: 5963406769239466256, guid: 409f76cff30036044bf8ec3bd4a988ef,
        type: 3}
      propertyPath: m_LocalRotation.z
      value: 0
      objectReference: {fileID: 0}
    - target: {fileID: 5963406769239466256, guid: 409f76cff30036044bf8ec3bd4a988ef,
        type: 3}
      propertyPath: m_LocalEulerAnglesHint.x
      value: 0
      objectReference: {fileID: 0}
    - target: {fileID: 5963406769239466256, guid: 409f76cff30036044bf8ec3bd4a988ef,
        type: 3}
      propertyPath: m_LocalEulerAnglesHint.y
      value: 0
      objectReference: {fileID: 0}
    - target: {fileID: 5963406769239466256, guid: 409f76cff30036044bf8ec3bd4a988ef,
        type: 3}
      propertyPath: m_LocalEulerAnglesHint.z
      value: 0
      objectReference: {fileID: 0}
    - target: {fileID: 5963406769239466267, guid: 409f76cff30036044bf8ec3bd4a988ef,
        type: 3}
      propertyPath: m_Name
      value: Bone 7
      objectReference: {fileID: 0}
    m_RemovedComponents: []
  m_SourcePrefab: {fileID: 100100000, guid: 409f76cff30036044bf8ec3bd4a988ef, type: 3}
--- !u!4 &8959574426670136304 stripped
Transform:
  m_CorrespondingSourceObject: {fileID: 5963406769239466256, guid: 409f76cff30036044bf8ec3bd4a988ef,
    type: 3}
  m_PrefabInstance: {fileID: 3356461162344831712}
  m_PrefabAsset: {fileID: 0}
--- !u!1001 &3356461162414861125
PrefabInstance:
  m_ObjectHideFlags: 0
  serializedVersion: 2
  m_Modification:
    m_TransformParent: {fileID: 7466982407926202641}
    m_Modifications:
    - target: {fileID: 5873108958089362771, guid: 8b4042989510ac44592403deddfcc6ab,
        type: 3}
      propertyPath: m_RootOrder
      value: 14
      objectReference: {fileID: 0}
    - target: {fileID: 5873108958089362771, guid: 8b4042989510ac44592403deddfcc6ab,
        type: 3}
      propertyPath: m_LocalScale.x
      value: 0.86991435
      objectReference: {fileID: 0}
    - target: {fileID: 5873108958089362771, guid: 8b4042989510ac44592403deddfcc6ab,
        type: 3}
      propertyPath: m_LocalScale.y
      value: 0.8824561
      objectReference: {fileID: 0}
    - target: {fileID: 5873108958089362771, guid: 8b4042989510ac44592403deddfcc6ab,
        type: 3}
      propertyPath: m_LocalPosition.x
      value: 5.8554
      objectReference: {fileID: 0}
    - target: {fileID: 5873108958089362771, guid: 8b4042989510ac44592403deddfcc6ab,
        type: 3}
      propertyPath: m_LocalPosition.y
      value: -1.3723
      objectReference: {fileID: 0}
    - target: {fileID: 5873108958089362771, guid: 8b4042989510ac44592403deddfcc6ab,
        type: 3}
      propertyPath: m_LocalPosition.z
      value: -0.01
      objectReference: {fileID: 0}
    - target: {fileID: 5873108958089362771, guid: 8b4042989510ac44592403deddfcc6ab,
        type: 3}
      propertyPath: m_LocalRotation.w
      value: 1
      objectReference: {fileID: 0}
    - target: {fileID: 5873108958089362771, guid: 8b4042989510ac44592403deddfcc6ab,
        type: 3}
      propertyPath: m_LocalRotation.x
      value: 0
      objectReference: {fileID: 0}
    - target: {fileID: 5873108958089362771, guid: 8b4042989510ac44592403deddfcc6ab,
        type: 3}
      propertyPath: m_LocalRotation.y
      value: 0
      objectReference: {fileID: 0}
    - target: {fileID: 5873108958089362771, guid: 8b4042989510ac44592403deddfcc6ab,
        type: 3}
      propertyPath: m_LocalRotation.z
      value: 0
      objectReference: {fileID: 0}
    - target: {fileID: 5873108958089362771, guid: 8b4042989510ac44592403deddfcc6ab,
        type: 3}
      propertyPath: m_LocalEulerAnglesHint.x
      value: 0
      objectReference: {fileID: 0}
    - target: {fileID: 5873108958089362771, guid: 8b4042989510ac44592403deddfcc6ab,
        type: 3}
      propertyPath: m_LocalEulerAnglesHint.y
      value: 0
      objectReference: {fileID: 0}
    - target: {fileID: 5873108958089362771, guid: 8b4042989510ac44592403deddfcc6ab,
        type: 3}
      propertyPath: m_LocalEulerAnglesHint.z
      value: 0
      objectReference: {fileID: 0}
    - target: {fileID: 5873108958089362782, guid: 8b4042989510ac44592403deddfcc6ab,
        type: 3}
      propertyPath: m_Name
      value: Stone Medium
      objectReference: {fileID: 0}
    m_RemovedComponents: []
  m_SourcePrefab: {fileID: 100100000, guid: 8b4042989510ac44592403deddfcc6ab, type: 3}
--- !u!4 &9157492453399680534 stripped
Transform:
  m_CorrespondingSourceObject: {fileID: 5873108958089362771, guid: 8b4042989510ac44592403deddfcc6ab,
    type: 3}
  m_PrefabInstance: {fileID: 3356461162414861125}
  m_PrefabAsset: {fileID: 0}
--- !u!1001 &3356461162574985368
PrefabInstance:
  m_ObjectHideFlags: 0
  serializedVersion: 2
  m_Modification:
    m_TransformParent: {fileID: 7466982407926202641}
    m_Modifications:
    - target: {fileID: 7152995425394960164, guid: ee3a29fcbd218a642a0d142d6318360d,
        type: 3}
      propertyPath: m_Name
      value: Diamond Small (2)
      objectReference: {fileID: 0}
    - target: {fileID: 7152995425394960164, guid: ee3a29fcbd218a642a0d142d6318360d,
        type: 3}
      propertyPath: m_IsActive
      value: 1
      objectReference: {fileID: 0}
    - target: {fileID: 7152995425394960175, guid: ee3a29fcbd218a642a0d142d6318360d,
        type: 3}
      propertyPath: m_RootOrder
      value: 11
      objectReference: {fileID: 0}
    - target: {fileID: 7152995425394960175, guid: ee3a29fcbd218a642a0d142d6318360d,
        type: 3}
      propertyPath: m_LocalScale.x
      value: 0.5
      objectReference: {fileID: 0}
    - target: {fileID: 7152995425394960175, guid: ee3a29fcbd218a642a0d142d6318360d,
        type: 3}
      propertyPath: m_LocalScale.y
      value: 0.5
      objectReference: {fileID: 0}
    - target: {fileID: 7152995425394960175, guid: ee3a29fcbd218a642a0d142d6318360d,
        type: 3}
      propertyPath: m_LocalPosition.x
      value: 4.2896
      objectReference: {fileID: 0}
    - target: {fileID: 7152995425394960175, guid: ee3a29fcbd218a642a0d142d6318360d,
        type: 3}
      propertyPath: m_LocalPosition.y
      value: -0.7547
      objectReference: {fileID: 0}
    - target: {fileID: 7152995425394960175, guid: ee3a29fcbd218a642a0d142d6318360d,
        type: 3}
      propertyPath: m_LocalPosition.z
      value: -0.01
      objectReference: {fileID: 0}
    - target: {fileID: 7152995425394960175, guid: ee3a29fcbd218a642a0d142d6318360d,
        type: 3}
      propertyPath: m_LocalRotation.w
      value: 1
      objectReference: {fileID: 0}
    - target: {fileID: 7152995425394960175, guid: ee3a29fcbd218a642a0d142d6318360d,
        type: 3}
      propertyPath: m_LocalRotation.x
      value: -0
      objectReference: {fileID: 0}
    - target: {fileID: 7152995425394960175, guid: ee3a29fcbd218a642a0d142d6318360d,
        type: 3}
      propertyPath: m_LocalRotation.y
      value: -0
      objectReference: {fileID: 0}
    - target: {fileID: 7152995425394960175, guid: ee3a29fcbd218a642a0d142d6318360d,
        type: 3}
      propertyPath: m_LocalRotation.z
      value: -0
      objectReference: {fileID: 0}
    - target: {fileID: 7152995425394960175, guid: ee3a29fcbd218a642a0d142d6318360d,
        type: 3}
      propertyPath: m_LocalEulerAnglesHint.x
      value: 0
      objectReference: {fileID: 0}
    - target: {fileID: 7152995425394960175, guid: ee3a29fcbd218a642a0d142d6318360d,
        type: 3}
      propertyPath: m_LocalEulerAnglesHint.y
      value: 0
      objectReference: {fileID: 0}
    - target: {fileID: 7152995425394960175, guid: ee3a29fcbd218a642a0d142d6318360d,
        type: 3}
      propertyPath: m_LocalEulerAnglesHint.z
      value: 0
      objectReference: {fileID: 0}
    m_RemovedComponents: []
  m_SourcePrefab: {fileID: 100100000, guid: ee3a29fcbd218a642a0d142d6318360d, type: 3}
--- !u!4 &5606982446928371639 stripped
Transform:
  m_CorrespondingSourceObject: {fileID: 7152995425394960175, guid: ee3a29fcbd218a642a0d142d6318360d,
    type: 3}
  m_PrefabInstance: {fileID: 3356461162574985368}
  m_PrefabAsset: {fileID: 0}
--- !u!1001 &3356461162704697493
PrefabInstance:
  m_ObjectHideFlags: 0
  serializedVersion: 2
  m_Modification:
    m_TransformParent: {fileID: 7466982407926202641}
    m_Modifications:
    - target: {fileID: 4116627413283346390, guid: c5055a199086d4a46941e6bc2b3cb200,
        type: 3}
      propertyPath: m_RootOrder
      value: 3
      objectReference: {fileID: 0}
    - target: {fileID: 4116627413283346390, guid: c5055a199086d4a46941e6bc2b3cb200,
        type: 3}
      propertyPath: m_LocalScale.x
      value: 1.7398287
      objectReference: {fileID: 0}
    - target: {fileID: 4116627413283346390, guid: c5055a199086d4a46941e6bc2b3cb200,
        type: 3}
      propertyPath: m_LocalScale.y
      value: 1.7649122
      objectReference: {fileID: 0}
    - target: {fileID: 4116627413283346390, guid: c5055a199086d4a46941e6bc2b3cb200,
        type: 3}
      propertyPath: m_LocalPosition.x
      value: 3.0025
      objectReference: {fileID: 0}
    - target: {fileID: 4116627413283346390, guid: c5055a199086d4a46941e6bc2b3cb200,
        type: 3}
      propertyPath: m_LocalPosition.y
      value: 3.3661
      objectReference: {fileID: 0}
    - target: {fileID: 4116627413283346390, guid: c5055a199086d4a46941e6bc2b3cb200,
        type: 3}
      propertyPath: m_LocalPosition.z
      value: -0.01
      objectReference: {fileID: 0}
    - target: {fileID: 4116627413283346390, guid: c5055a199086d4a46941e6bc2b3cb200,
        type: 3}
      propertyPath: m_LocalRotation.w
      value: 1
      objectReference: {fileID: 0}
    - target: {fileID: 4116627413283346390, guid: c5055a199086d4a46941e6bc2b3cb200,
        type: 3}
      propertyPath: m_LocalRotation.x
      value: 0
      objectReference: {fileID: 0}
    - target: {fileID: 4116627413283346390, guid: c5055a199086d4a46941e6bc2b3cb200,
        type: 3}
      propertyPath: m_LocalRotation.y
      value: 0
      objectReference: {fileID: 0}
    - target: {fileID: 4116627413283346390, guid: c5055a199086d4a46941e6bc2b3cb200,
        type: 3}
      propertyPath: m_LocalRotation.z
      value: 0
      objectReference: {fileID: 0}
    - target: {fileID: 4116627413283346390, guid: c5055a199086d4a46941e6bc2b3cb200,
        type: 3}
      propertyPath: m_LocalEulerAnglesHint.x
      value: 0
      objectReference: {fileID: 0}
    - target: {fileID: 4116627413283346390, guid: c5055a199086d4a46941e6bc2b3cb200,
        type: 3}
      propertyPath: m_LocalEulerAnglesHint.y
      value: 0
      objectReference: {fileID: 0}
    - target: {fileID: 4116627413283346390, guid: c5055a199086d4a46941e6bc2b3cb200,
        type: 3}
      propertyPath: m_LocalEulerAnglesHint.z
      value: 0
      objectReference: {fileID: 0}
    - target: {fileID: 4116627413283346395, guid: c5055a199086d4a46941e6bc2b3cb200,
        type: 3}
      propertyPath: m_Name
      value: Gold Small (2)
      objectReference: {fileID: 0}
    - target: {fileID: 4116627413283346395, guid: c5055a199086d4a46941e6bc2b3cb200,
        type: 3}
      propertyPath: m_IsActive
      value: 1
      objectReference: {fileID: 0}
    m_RemovedComponents: []
  m_SourcePrefab: {fileID: 100100000, guid: c5055a199086d4a46941e6bc2b3cb200, type: 3}
--- !u!4 &1708475553202040643 stripped
Transform:
  m_CorrespondingSourceObject: {fileID: 4116627413283346390, guid: c5055a199086d4a46941e6bc2b3cb200,
    type: 3}
  m_PrefabInstance: {fileID: 3356461162704697493}
  m_PrefabAsset: {fileID: 0}
--- !u!1001 &3356461162845597041
PrefabInstance:
  m_ObjectHideFlags: 0
  serializedVersion: 2
  m_Modification:
    m_TransformParent: {fileID: 7466982407926202641}
    m_Modifications:
    - target: {fileID: 4535092467231140834, guid: 7110bd0123e33724c9098b6b00d5a4f1,
        type: 3}
      propertyPath: m_RootOrder
      value: 18
      objectReference: {fileID: 0}
    - target: {fileID: 4535092467231140834, guid: 7110bd0123e33724c9098b6b00d5a4f1,
        type: 3}
      propertyPath: m_LocalScale.x
      value: 0.75
      objectReference: {fileID: 0}
    - target: {fileID: 4535092467231140834, guid: 7110bd0123e33724c9098b6b00d5a4f1,
        type: 3}
      propertyPath: m_LocalScale.y
      value: 0.75
      objectReference: {fileID: 0}
    - target: {fileID: 4535092467231140834, guid: 7110bd0123e33724c9098b6b00d5a4f1,
        type: 3}
      propertyPath: m_LocalPosition.x
      value: -4.0609
      objectReference: {fileID: 0}
    - target: {fileID: 4535092467231140834, guid: 7110bd0123e33724c9098b6b00d5a4f1,
        type: 3}
      propertyPath: m_LocalPosition.y
      value: -0.0488
      objectReference: {fileID: 0}
    - target: {fileID: 4535092467231140834, guid: 7110bd0123e33724c9098b6b00d5a4f1,
        type: 3}
      propertyPath: m_LocalPosition.z
      value: -0.01
      objectReference: {fileID: 0}
    - target: {fileID: 4535092467231140834, guid: 7110bd0123e33724c9098b6b00d5a4f1,
        type: 3}
      propertyPath: m_LocalRotation.w
      value: 1
      objectReference: {fileID: 0}
    - target: {fileID: 4535092467231140834, guid: 7110bd0123e33724c9098b6b00d5a4f1,
        type: 3}
      propertyPath: m_LocalRotation.x
      value: 0
      objectReference: {fileID: 0}
    - target: {fileID: 4535092467231140834, guid: 7110bd0123e33724c9098b6b00d5a4f1,
        type: 3}
      propertyPath: m_LocalRotation.y
      value: 0
      objectReference: {fileID: 0}
    - target: {fileID: 4535092467231140834, guid: 7110bd0123e33724c9098b6b00d5a4f1,
        type: 3}
      propertyPath: m_LocalRotation.z
      value: 0
      objectReference: {fileID: 0}
    - target: {fileID: 4535092467231140834, guid: 7110bd0123e33724c9098b6b00d5a4f1,
        type: 3}
      propertyPath: m_LocalEulerAnglesHint.x
      value: 0
      objectReference: {fileID: 0}
    - target: {fileID: 4535092467231140834, guid: 7110bd0123e33724c9098b6b00d5a4f1,
        type: 3}
      propertyPath: m_LocalEulerAnglesHint.y
      value: 0
      objectReference: {fileID: 0}
    - target: {fileID: 4535092467231140834, guid: 7110bd0123e33724c9098b6b00d5a4f1,
        type: 3}
      propertyPath: m_LocalEulerAnglesHint.z
      value: 0
      objectReference: {fileID: 0}
    - target: {fileID: 4535092467231140841, guid: 7110bd0123e33724c9098b6b00d5a4f1,
        type: 3}
      propertyPath: m_Name
      value: Bone 6
      objectReference: {fileID: 0}
    m_RemovedComponents: []
  m_SourcePrefab: {fileID: 100100000, guid: 7110bd0123e33724c9098b6b00d5a4f1, type: 3}
--- !u!4 &1187658611100403347 stripped
Transform:
  m_CorrespondingSourceObject: {fileID: 4535092467231140834, guid: 7110bd0123e33724c9098b6b00d5a4f1,
    type: 3}
  m_PrefabInstance: {fileID: 3356461162845597041}
  m_PrefabAsset: {fileID: 0}
--- !u!1001 &3356461163024022522
PrefabInstance:
  m_ObjectHideFlags: 0
  serializedVersion: 2
  m_Modification:
    m_TransformParent: {fileID: 7466982407926202641}
    m_Modifications:
    - target: {fileID: 2977712226111650403, guid: 088332f981ce5fe41ad2f639e8dc6330,
        type: 3}
      propertyPath: m_Name
      value: Stone Large (2)
      objectReference: {fileID: 0}
    - target: {fileID: 2977712226111650414, guid: 088332f981ce5fe41ad2f639e8dc6330,
        type: 3}
      propertyPath: m_RootOrder
      value: 15
      objectReference: {fileID: 0}
    - target: {fileID: 2977712226111650414, guid: 088332f981ce5fe41ad2f639e8dc6330,
        type: 3}
      propertyPath: m_LocalScale.x
      value: 1.7398287
      objectReference: {fileID: 0}
    - target: {fileID: 2977712226111650414, guid: 088332f981ce5fe41ad2f639e8dc6330,
        type: 3}
      propertyPath: m_LocalScale.y
      value: 1.7649122
      objectReference: {fileID: 0}
    - target: {fileID: 2977712226111650414, guid: 088332f981ce5fe41ad2f639e8dc6330,
        type: 3}
      propertyPath: m_LocalPosition.x
      value: 11.0487
      objectReference: {fileID: 0}
    - target: {fileID: 2977712226111650414, guid: 088332f981ce5fe41ad2f639e8dc6330,
        type: 3}
      propertyPath: m_LocalPosition.y
      value: 0.7454
      objectReference: {fileID: 0}
    - target: {fileID: 2977712226111650414, guid: 088332f981ce5fe41ad2f639e8dc6330,
        type: 3}
      propertyPath: m_LocalPosition.z
      value: -0.01
      objectReference: {fileID: 0}
    - target: {fileID: 2977712226111650414, guid: 088332f981ce5fe41ad2f639e8dc6330,
        type: 3}
      propertyPath: m_LocalRotation.w
      value: 1
      objectReference: {fileID: 0}
    - target: {fileID: 2977712226111650414, guid: 088332f981ce5fe41ad2f639e8dc6330,
        type: 3}
      propertyPath: m_LocalRotation.x
      value: 0
      objectReference: {fileID: 0}
    - target: {fileID: 2977712226111650414, guid: 088332f981ce5fe41ad2f639e8dc6330,
        type: 3}
      propertyPath: m_LocalRotation.y
      value: 0
      objectReference: {fileID: 0}
    - target: {fileID: 2977712226111650414, guid: 088332f981ce5fe41ad2f639e8dc6330,
        type: 3}
      propertyPath: m_LocalRotation.z
      value: 0
      objectReference: {fileID: 0}
    - target: {fileID: 2977712226111650414, guid: 088332f981ce5fe41ad2f639e8dc6330,
        type: 3}
      propertyPath: m_LocalEulerAnglesHint.x
      value: 0
      objectReference: {fileID: 0}
    - target: {fileID: 2977712226111650414, guid: 088332f981ce5fe41ad2f639e8dc6330,
        type: 3}
      propertyPath: m_LocalEulerAnglesHint.y
      value: 0
      objectReference: {fileID: 0}
    - target: {fileID: 2977712226111650414, guid: 088332f981ce5fe41ad2f639e8dc6330,
        type: 3}
      propertyPath: m_LocalEulerAnglesHint.z
      value: 0
      objectReference: {fileID: 0}
    m_RemovedComponents: []
  m_SourcePrefab: {fileID: 100100000, guid: 088332f981ce5fe41ad2f639e8dc6330, type: 3}
--- !u!4 &560274681723617684 stripped
Transform:
  m_CorrespondingSourceObject: {fileID: 2977712226111650414, guid: 088332f981ce5fe41ad2f639e8dc6330,
    type: 3}
  m_PrefabInstance: {fileID: 3356461163024022522}
  m_PrefabAsset: {fileID: 0}
--- !u!1001 &7433233021032738380
PrefabInstance:
  m_ObjectHideFlags: 0
  serializedVersion: 2
  m_Modification:
    m_TransformParent: {fileID: 7466982407926202641}
    m_Modifications:
    - target: {fileID: 4073309018958062345, guid: d94eb28962421f947b61c63941206189,
        type: 3}
      propertyPath: m_ClipDie
      value: 
      objectReference: {fileID: 8300000, guid: 8acebcf826246b849864505845a59861, type: 3}
    - target: {fileID: 4073309018958062345, guid: d94eb28962421f947b61c63941206189,
        type: 3}
      propertyPath: m_ClipMove
      value: 
      objectReference: {fileID: 8300000, guid: 4f853e8bd7c41924c8e9a1f7f814dcc3, type: 3}
    - target: {fileID: 4073309018958062345, guid: d94eb28962421f947b61c63941206189,
        type: 3}
      propertyPath: m_ClipAppear
      value: 
      objectReference: {fileID: 8300000, guid: ddf9e883b2547c744b0fd39f4e68092b, type: 3}
    - target: {fileID: 4073309018958062345, guid: d94eb28962421f947b61c63941206189,
        type: 3}
      propertyPath: m_ClipDispute
      value: 
      objectReference: {fileID: 8300000, guid: 9ccdc3a991fa528428cb94e0d0d47243, type: 3}
    - target: {fileID: 4073309018958062580, guid: d94eb28962421f947b61c63941206189,
        type: 3}
      propertyPath: m_Name
      value: Boss Dragon
      objectReference: {fileID: 0}
    - target: {fileID: 4073309018958062583, guid: d94eb28962421f947b61c63941206189,
        type: 3}
      propertyPath: m_RootOrder
      value: 21
      objectReference: {fileID: 0}
    - target: {fileID: 4073309018958062583, guid: d94eb28962421f947b61c63941206189,
        type: 3}
      propertyPath: m_LocalPosition.x
      value: 2.96
      objectReference: {fileID: 0}
    - target: {fileID: 4073309018958062583, guid: d94eb28962421f947b61c63941206189,
        type: 3}
      propertyPath: m_LocalPosition.y
      value: 1.106
      objectReference: {fileID: 0}
    - target: {fileID: 4073309018958062583, guid: d94eb28962421f947b61c63941206189,
        type: 3}
      propertyPath: m_LocalPosition.z
      value: -0.01
      objectReference: {fileID: 0}
    - target: {fileID: 4073309018958062583, guid: d94eb28962421f947b61c63941206189,
        type: 3}
      propertyPath: m_LocalRotation.w
      value: 1
      objectReference: {fileID: 0}
    - target: {fileID: 4073309018958062583, guid: d94eb28962421f947b61c63941206189,
        type: 3}
      propertyPath: m_LocalRotation.x
      value: 0
      objectReference: {fileID: 0}
    - target: {fileID: 4073309018958062583, guid: d94eb28962421f947b61c63941206189,
        type: 3}
      propertyPath: m_LocalRotation.y
      value: 0
      objectReference: {fileID: 0}
    - target: {fileID: 4073309018958062583, guid: d94eb28962421f947b61c63941206189,
        type: 3}
      propertyPath: m_LocalRotation.z
      value: 0
      objectReference: {fileID: 0}
    - target: {fileID: 4073309018958062583, guid: d94eb28962421f947b61c63941206189,
        type: 3}
      propertyPath: m_LocalEulerAnglesHint.x
      value: 0
      objectReference: {fileID: 0}
    - target: {fileID: 4073309018958062583, guid: d94eb28962421f947b61c63941206189,
        type: 3}
      propertyPath: m_LocalEulerAnglesHint.y
      value: 0
      objectReference: {fileID: 0}
    - target: {fileID: 4073309018958062583, guid: d94eb28962421f947b61c63941206189,
        type: 3}
      propertyPath: m_LocalEulerAnglesHint.z
      value: 0
      objectReference: {fileID: 0}
    m_RemovedComponents: []
  m_SourcePrefab: {fileID: 100100000, guid: d94eb28962421f947b61c63941206189, type: 3}
--- !u!4 &6894847151138917819 stripped
Transform:
  m_CorrespondingSourceObject: {fileID: 4073309018958062583, guid: d94eb28962421f947b61c63941206189,
    type: 3}
  m_PrefabInstance: {fileID: 7433233021032738380}
  m_PrefabAsset: {fileID: 0}
