%YAML 1.1
%TAG !u! tag:unity3d.com,2011:
--- !u!1 &6817640133496482351
GameObject:
  m_ObjectHideFlags: 0
  m_CorrespondingSourceObject: {fileID: 0}
  m_PrefabInstance: {fileID: 0}
  m_PrefabAsset: {fileID: 0}
  serializedVersion: 6
  m_Component:
  - component: {fileID: 6817640133496482340}
  - component: {fileID: 6817640133496482347}
  - component: {fileID: 6817640133496482345}
  - component: {fileID: 6817640133496482344}
  - component: {fileID: 6817640133496482341}
  m_Layer: 8
  m_Name: Bone 2
  m_TagString: Resource
  m_Icon: {fileID: 0}
  m_NavMeshLayer: 0
  m_StaticEditorFlags: 0
  m_IsActive: 1
--- !u!4 &6817640133496482340
Transform:
  m_ObjectHideFlags: 0
  m_CorrespondingSourceObject: {fileID: 0}
  m_PrefabInstance: {fileID: 0}
  m_PrefabAsset: {fileID: 0}
  m_GameObject: {fileID: 6817640133496482351}
  m_LocalRotation: {x: 0, y: 0, z: 0, w: 1}
  m_LocalPosition: {x: 0, y: 0, z: -0.01}
  m_LocalScale: {x: 0.75, y: 0.75, z: 0.75}
  m_Children: []
  m_Father: {fileID: 0}
  m_RootOrder: 0
  m_LocalEulerAnglesHint: {x: 0, y: 0, z: 0}
--- !u!212 &6817640133496482347
SpriteRenderer:
  m_ObjectHideFlags: 0
  m_CorrespondingSourceObject: {fileID: 0}
  m_PrefabInstance: {fileID: 0}
  m_PrefabAsset: {fileID: 0}
  m_GameObject: {fileID: 6817640133496482351}
  m_Enabled: 1
  m_CastShadows: 0
  m_ReceiveShadows: 0
  m_DynamicOccludee: 1
  m_MotionVectors: 1
  m_LightProbeUsage: 0
  m_ReflectionProbeUsage: 0
  m_RayTracingMode: 0
  m_RayTraceProcedural: 0
  m_RenderingLayerMask: 1
  m_RendererPriority: 0
  m_Materials:
  - {fileID: 10754, guid: 0000000000000000f000000000000000, type: 0}
  m_StaticBatchInfo:
    firstSubMesh: 0
    subMeshCount: 0
  m_StaticBatchRoot: {fileID: 0}
  m_ProbeAnchor: {fileID: 0}
  m_LightProbeVolumeOverride: {fileID: 0}
  m_ScaleInLightmap: 1
  m_ReceiveGI: 1
  m_PreserveUVs: 0
  m_IgnoreNormalsForChartDetection: 0
  m_ImportantGI: 0
  m_StitchLightmapSeams: 1
  m_SelectedEditorRenderState: 0
  m_MinimumChartSize: 4
  m_AutoUVMaxDistance: 0.5
  m_AutoUVMaxAngle: 89
  m_LightmapParameters: {fileID: 0}
  m_SortingLayerID: 0
  m_SortingLayer: 0
  m_SortingOrder: 11
  m_Sprite: {fileID: 21300000, guid: 66355113a1b174745856632e5df96dc5, type: 3}
  m_Color: {r: 1, g: 1, b: 1, a: 1}
  m_FlipX: 0
  m_FlipY: 0
  m_DrawMode: 0
  m_Size: {x: 1.38, y: 1.2}
  m_AdaptiveModeThreshold: 0.5
  m_SpriteTileMode: 0
  m_WasSpriteAssigned: 1
  m_MaskInteraction: 0
  m_SpriteSortPoint: 0
--- !u!50 &6817640133496482345
Rigidbody2D:
  serializedVersion: 4
  m_ObjectHideFlags: 0
  m_CorrespondingSourceObject: {fileID: 0}
  m_PrefabInstance: {fileID: 0}
  m_PrefabAsset: {fileID: 0}
  m_GameObject: {fileID: 6817640133496482351}
  m_BodyType: 0
  m_Simulated: 1
  m_UseFullKinematicContacts: 0
  m_UseAutoMass: 0
  m_Mass: 1
  m_LinearDrag: 0
  m_AngularDrag: 0.05
  m_GravityScale: 0
  m_Material: {fileID: 0}
  m_Interpolate: 1
  m_SleepingMode: 1
  m_CollisionDetection: 1
  m_Constraints: 0
--- !u!114 &6817640133496482344
MonoBehaviour:
  m_ObjectHideFlags: 0
  m_CorrespondingSourceObject: {fileID: 0}
  m_PrefabInstance: {fileID: 0}
  m_PrefabAsset: {fileID: 0}
  m_GameObject: {fileID: 6817640133496482351}
  m_Enabled: 1
  m_EditorHideFlags: 0
  m_Script: {fileID: 11500000, guid: 48f3d792d61ee4b20a6b55494ee1540a, type: 3}
  m_Name: 
  m_EditorClassIdentifier: 
  resource: {fileID: 11400000, guid: a1ce9930b5d169540a14edd5e0fa26aa, type: 2}
  icSnakeCrawl: {fileID: 0}
  snakeCanCrawl: 0
--- !u!60 &6817640133496482341
PolygonCollider2D:
  m_ObjectHideFlags: 0
  m_CorrespondingSourceObject: {fileID: 0}
  m_PrefabInstance: {fileID: 0}
  m_PrefabAsset: {fileID: 0}
  m_GameObject: {fileID: 6817640133496482351}
  m_Enabled: 1
  m_Density: 1
  m_Material: {fileID: 0}
  m_IsTrigger: 1
  m_UsedByEffector: 0
  m_UsedByComposite: 0
  m_Offset: {x: 0, y: 0}
  m_SpriteTilingProperty:
    border: {x: 0, y: 0, z: 0, w: 0}
    pivot: {x: 0.5, y: 0.5}
    oldSize: {x: 3.21, y: 2.52}
    newSize: {x: 1.38, y: 1.2}
    adaptiveTilingThreshold: 0.5
    drawMode: 0
    adaptiveTiling: 0
  m_AutoTiling: 0
  m_Points:
    m_Paths:
    - - {x: 0.055, y: -0.25}
      - {x: 0.095, y: -0.19}
      - {x: 0.145, y: -0.08}
      - {x: 0.275, y: 0.06}
      - {x: 0.355, y: 0.22}
      - {x: 0.445, y: 0.31}
      - {x: 0.635, y: 0.26}
      - {x: 0.705, y: 0.35}
      - {x: 0.705, y: 0.61}
      - {x: 0.565, y: 0.69}
      - {x: 0.555, y: 0.66999996}
      - {x: 0.405, y: 0.7}
      - {x: 0.375, y: 0.66999996}
      - {x: 0.39499998, y: 0.57}
      - {x: 0.345, y: 0.65999997}
      - {x: 0.205, y: 0.65}
      - {x: 0.195, y: 0.62}
      - {x: 0.205, y: 0.58}
      - {x: 0.195, y: 0.57}
      - {x: 0.16499999, y: 0.71}
      - {x: 0.055, y: 0.76}
      - {x: -0.375, y: 0.76}
      - {x: -0.475, y: 0.71999997}
      - {x: -0.695, y: 0.45}
      - {x: -0.685, y: 0.32}
      - {x: -0.645, y: 0.13}
      - {x: -0.73499995, y: -0.07}
      - {x: -0.92499995, y: -0.29}
      - {x: -0.92499995, y: -0.51}
      - {x: -0.875, y: -0.62}
      - {x: -0.815, y: -0.62}
      - {x: -0.645, y: -0.59}
      - {x: -0.73499995, y: -0.7}
      - {x: -0.66499996, y: -0.71999997}
      - {x: -0.575, y: -0.71999997}
      - {x: -0.53499997, y: -0.7}
      - {x: -0.355, y: -0.62}
      - {x: -0.085, y: -0.41}
    - - {x: -0.435, y: -0.37}
      - {x: -0.435, y: -0.35}
      - {x: -0.405, y: -0.31}
      - {x: -0.385, y: -0.32999998}
      - {x: -0.345, y: -0.24}
      - {x: -0.315, y: -0.14}
      - {x: -0.295, y: -0.14}
      - {x: -0.285, y: -0.13}
      - {x: -0.295, y: -0.14}
      - {x: -0.315, y: -0.17999999}
      - {x: -0.345, y: -0.28}
      - {x: -0.36499998, y: -0.32999998}
      - {x: -0.415, y: -0.32999998}
      - {x: -0.49499997, y: -0.41}
      - {x: -0.48499998, y: -0.44}
      - {x: -0.475, y: -0.42999998}
    - - {x: 0.73499995, y: 0.63}
      - {x: 0.685, y: 0.45999998}
      - {x: 0.685, y: 0.22}
      - {x: 0.72499996, y: 0.21}
      - {x: 0.875, y: 0.21}
      - {x: 0.91499996, y: 0.39}
      - {x: 0.91499996, y: 0.59}
      - {x: 0.835, y: 0.63}
